2846 5018
485 385 730 458 ...35-

15 563 25 614 t
74 535 311 608 exhereditatis
333 531 447 608 tieret,
468 542 574 596 utrum
594 541 781 598 testamento
804 531 963 614 opposita,
985 556 1024 598 an
1046 557 1120 617 pro·

15 685 24 722 π
72 647 160 732 priis
170 641 373 709 documentis
396 663 415 706 a
436 641 589 706 deiumm
601 640 810 728 relinquenda
825 639 945 713 fuisset,
968 645 1031 706 hoc
1045 666 1122 706 rane

15 793 24 830 t,
75 755 193 818 dicere
220 769 286 817 non
309 767 495 835 pessumas,
522 767 621 831 quum
643 767 685 810 ne
707 767 788 816 uotis
810 747 941 830 quidem
970 751 1061 814 iocus
1082 753 1123 814 de

15 898 25 936 p
73 863 139 924 hac
161 878 199 920 re
220 854 378 920 certiores
398 873 458 917 uos
479 853 588 918 faciat.
619 855 655 916 in
675 855 770 917 Isaeo
792 854 833 915 dc
846 853 989 918 Nicostr.
1012 859 1122 920 hercd.

15 1005 24 1042 1
78 972 138 1038 77,
166 961 321 1048 legimus:
350 960 404 1033 ἤδη
427 959 486 1033 γάρ
509 980 571 1018 τινις
594 959 643 1014 otiu
667 957 697 1015 ui
717 959 874 1028 ὁιοιιιίμινοι
896 972 950 1020 τοῖς
973 969 1126 1036 συγγενέσιν

21 1117 25 1148 ι
77 1071 200 1125 ὀθνείους
217 1067 308 1138 φίλους
324 1075 380 1122 τῶν
396 1067 468 1120 πάνυ
486 1066 596 1135 σφόδρα
612 1064 809 1136 «poematos
832 1067 892 1134 arpi
909 1066 1023 1126 πλείονος
1040 1071 1132 1140 irtctq'·¹

15 1219 25 1257 J,
80 1192 186 1234 σαντο,
211 1171 326 1260 quibus
346 1194 389 1236 ex
408 1171 517 1236 verbis
537 1193 687 1256 magnum
708 1169 883 1245 arbitrium,
905 1193 972 1256 quo
994 1189 1126 1238 testator

15 1305 27 1365 p
84 1285 132 1347 uti
153 1292 299 1366 poterat,
320 1277 394 1344 satis
415 1280 543 1344 elucere
564 1277 701 1342 videtur.

15 1431 27 1488 t

15 1538 27 1574 t

499 1603 557 1676 De
580 1603 721 1696 tegatis.
756 1687 760 1694 ,

178 1824 270 1888 Nunc
297 1821 388 1908 quasi
414 1820 576 1904 appendix
605 1820 646 1884 de
672 1819 784 1900 legatis
815 1823 964 1884 nonnulla
992 1821 1128 1886 dicenda

88 1944 172 1996 sunt.
207 1934 314 1994 Hanc·
329 1929 524 2002 doctrinam,
551 1947 647 2011 quam
673 1927 809 1990 Romani
833 1927 973 1992 munifici
993 1929 1129 2016 perfec·

17 2039 20 2046 '
88 2039 229 2110 tissime,
258 2047 294 2097 ut
324 2044 462 2105 constat,
492 2033 741 2115 pertractabant,
768 2031 799 2094 in
831 2031 904 2114 jure
930 2033 1037 2096 Attico
1063 2057 1128 2096 non

91 2143 192 2208 ualde
212 2141 375 2226 viguisse,
397 2137 460 2222 jam
489 2161 529 2202 ex
552 2161 592 2202 eo
615 2155 764 2224 apparet,
793 2139 866 2224 quia
888 2139 919 2202 in
937 2125 1051 2223 'lingua
1071 2163 1128 2203 vo·

15 2289 16 2294 1
90 2251 238 2316 sabulum
260 2251 368 2322 deest,
397 2247 488 2333 quod
508 2245 595 2309 idem
613 2269 651 2310 ae
671 2249 810 2330 legatum
831 2245 999 2331 significet.
1035 2249 1131 2310 Hanc

15 2407 16 2430 ,
87 2369 212 2443 partem
235 2379 253 2419 a
272 2353 346 2439 jure
366 2353 474 2444 Attico
495 2355 674 2436 neglectam
694 2375 780 2428 esse,
802 2353 1037 2416 accuratissime
1058 2375 1130 2418 etun

86 2461 161 2525 idea
180 2460 368 2545 principali,
396 2481 478 2546 quae
498 2471 600 2522 totum
626 2457 676 2542 jus
699 2443 926 2524 hereditarium
955 2459 1128 2524 Athenien·

16 2609 21 2635 ,ι
89 2569 172 2632 sium
192 2569 322 2655 implet,
344 2570 514 2648 cohaeret3
537 2565 655 2629 Graeci
677 2565 761 2629 enim
783 2565 816 2628 id
837 2565 1067 2648 respiciebant,
1089 2589 1130 2630 ne

89 2676 205 2737 domus
232 2673 314 2738 orba
343 2673 454 2748 fieret,
486 2681 521 2734 ut
539 2669 684 2754 ipsorum
712 2693 852 2760 persona
880 2671 1131 2744 continuaretur,

89 2792 331 2865 proptereaque
351 2778 561 2844 hereditatem
582 2777 709 2862 legatis,
739 2791 772 2841 ut
793 2777 836 2842 ita
859 2778 980 2851 dicam,
1002 2801 1066 2841 non
1089 2783 1132 2841 la·

91 2889 259 2961 cerabant,
279 2887 336 2950 sed
357 2885 415 2958 iis,
439 2906 522 2969 quos
544 2901 579 2949 ut
597 2885 751 2948 familiam
772 2885 1010 2958 continuarent,
1036 2885 1131 2948 desti-

91 3009 256 3066 naverant,
279 3011 406 3054 omnem
427 2989 639 3054 hereditatem
657 2991 891 3078 relinquebant.
920 2994 1064 3055 Attamen
1086 2991 1133 3054 in-

94 3095 218 3158 terdum
236 3099 337 3178 legata
357 3108 659 3161 commemorantur.
699 3097 892 3184 Quicunque
913 3097 1022 3160 testari
1045 3114 1135 3183 potc-

17 3199 21 3236 ³
92 3213 159 3275 rat,
192 3201 222 3264 ei
250 3203 318 3266 aliis
348 3205 504 3288 quaedam
534 3207 641 3288 legare
672 3205 863 3287 permissum
894 3227 965 3268 csse
996 3204 1131 3267 videtur.

18 3329 19 3346 ι
92 3307 197 3370 Etiam
218 3309 367 3373 mulieres
389 3328 420 3375 et
439 3312 633 3396 impuberes,
655 3314 770 3396 quihus
789 3325 1011 3377 testamentum
1028 3313 1135 3376 facere

95 3432 161 3474 uon
183 3411 273 3491 iicet,
300 3431 408 3480 tutore
428 3421 481 3480 vel
503 3419 636 3481 domino
658 3421 888 3493 consentiente,
912 3422 952 3482 dc
973 3417 1030 3492 iis,
1051 3441 1136 3502 quae

94 3539 114 3578 a
136 3535 233 3598 patre
249 3525 303 3586 rel
323 3523 389 3586 aliis
412 3526 499 3588 dono
521 3523 720 3612 acceperint,
745 3529 852 3611 legare
875 3535 1033 3614 poterant.
1062 3527 1137 3589 Hoc

93 3621 331 3692 Demosthenes
362 3651 421 3694 nos
454 3633 550 3695 docet
575 3631 608 3695 in
638 3633 785 3696 oratione
811 3635 883 3696 adv.
905 3633 1039 3696 Phorm.
1059 3637 1135 3696 949:

89 3727 123 3782 ais
141 3729 163 3780 δ’
180 3732 349 3806 ὶτιλιύτησεν
372 3741 466 3807 indue),
491 3737 646 3808 τρισχιλίας
670 3739 813 3808 uxorata
837 3739 975 3810 ἀργυρίου
999 3738 1137 3808 ὁροχιιιὲιι

88 3842 153 3902 πρὸς
173 3833 211 3892 cit
227 3840 323 3896 ίδωκιν
340 3845 420 3911 insist)
438 3843 583 3912 δισχιλίαις
599 3850 653 3900 τοῖς
670 3845 772 3898 τούτου
788 3843 898 3902 παιδίοις
915 3846 959 3896 tei
975 3849 1138 3914 χιτωνίσκον

89 3937 151 3992 urci
169 3946 215 3992 καί
231 3944 402 4015 θεράπαιναν
419 3950 599 4019 ίσνιιοφοίντοι
618 3970 642 4004 κ.
659 3969 683 4001 ι’.
701 3948 730 4004 λ.
1112 4009 1116 4014 ,

176 4045 275 4126 Quod
301 4053 413 4116 attinet
444 4052 602 4127 formam,
629 4075 692 4138 qua
718 4055 821 4138 legata
849 4051 947 4119 scribi
978 4067 1134 4136 poterant,

91 4148 156 4212 hoe
176 4149 372 4235 singulorum
388 4158 522 4224 arbitrio
540 4161 729 4242 permissum
743 4182 814 4224 esse
832 4160 976 4239 videtum
1000 4160 1032 4224 in
1044 4163 1135 4226 isaeo

93 4255 178 4320 enim
197 4259 238 4322 da
255 4262 367 4340 bercd,
385 4266 550 4364 Ciconum,
568 4269 713 4353 legimus,
733 4268 833 4350 legata
852 4284 883 4332 et
900 4267 932 4330 ia
950 4279 1135 4334 testamento

912 4374 976 4452 ὅθ
