2846 5018
105 1811 281 1929 Quatenus
314 1829 371 1896 Dii
400 1827 597 1897 immortales
622 1812 772 1892 'omnium
807 1837 953 1896 veterum
984 1823 1148 1888 civitatum

102 1950 250 2002 auctores
271 1937 434 2022 primique
460 1936 659 2020 legislatores
680 1957 698 1996 a
718 1932 961 2020 mythographis
984 1934 1147 1996 declaran-

102 2056 170 2118 tur,
198 2047 400 2108 Graecorum
428 2061 563 2124 quoque
591 2038 642 2118 jus
669 2037 779 2099 aDiis
802 2041 908 2098 datum
934 2059 1006 2100 esse
1026 2039 1149 2118 fertur3
1248 2116 1253 2129 Ι

103 2171 204 2233 quum
233 2158 339 2208 autem
362 2147 563 2228 Graecorum
590 2141 755 2230 ingenium
782 2165 848 2204 non
874 2143 958 2204 sieut
983 2143 1150 2206 immobile

105 2251 249 2317 Orientis
270 2253 469 2334 populorum
489 2271 507 2312 a
529 2261 640 2315 natura
657 2247 797 2311 vinetum
820 2260 914 2321 esset,
935 2251 993 2312 sed
1013 2251 1151 2336 propria

105 2343 350 2421 eorumnatura
371 2357 474 2420 soluta
488 2341 608 2440 ‘utique
629 2353 796 2418 historiam
817 2355 992 2438 flagitaret,
1012 2353 1064 2440 jus
1084 2356 1150 2438 pri·

104 2465 199 2528 miras
219 2462 364 2526 divinum
386 2481 448 2523 una
465 2481 537 2524 cum
557 2459 690 2524 historin
708 2461 948 2546 progrediatur,
969 2464 1152 2547 eodemque

103 2571 260 2636 historiae
281 2589 459 2656 progressu
479 2565 599 2641 nitetur
618 2589 751 2633 necesse
774 2581 832 2633 est.
866 2569 937 2630 Hac
955 2569 1152 2653 rationenjus

104 2677 243 2763 proprie
271 2675 431 2750 divinum,
460 2675 551 2764 quod
578 2675 664 2756 apud
690 2675 807 2739 multos
837 2673 980 2738 Orientis
1008 2676 1153 2764 populos

106 2783 187 2846 nihil
206 2781 291 2844 aliud
312 2781 374 2844 nisi
388 2783 477 2844 Deus
490 2779 569 2862 ipse
584 2781 802 2864 permanebat,
823 2784 910 2864 apud
927 2783 1071 2848 Graecos
1093 2781 1152 2848 liu·

105 2913 235 2957 manum
258 2889 301 2970 in,
317 2887 416 2952 tutela
442 2889 591 2952 Deorum
612 2889 727 2964 fiebat,
757 2901 790 2952 et
809 2893 925 2962 homo,
955 2901 990 2951 ut
1009 2891 1153 2957 Platonis

105 2999 167 3075 (de
188 3000 273 3079 legg.
287 2997 335 3078 1.)
356 2995 466 3060 verbis
487 3008 576 3070 utar,
599 2996 679 3066 παρὰ
698 2997 762 3054 Διὸς
780 2998 926 3068 νομοθέτης
942 3009 1022 3062 erat·
1051 3000 1153 3062 Grae.

106 3124 222 3166 eorum
243 3101 339 3185 igitur
357 3102 515 3186 legislatio
537 3101 631 3166 nobis
649 3123 684 3165 se
697 3105 794 3165 offert
809 3115 969 3186 tamquam
986 3104 1154 3168 hominum

103 3209 207 3274 libera
229 3208 356 3272 actione
383 3207 580 3281 continuata,
602 3207 654 3272 etri
675 3209 732 3274 Dii
752 3198 906 3292 praesum
924 3207 1006 3292 juris
1024 3213 1154 3295 pptroni

106 3329 140 3379 et
160 3317 320 3381 custodes.

191 3421 392 3486 Graeeorum
419 3421 483 3486 vita
509 3441 646 3509 prorsus
669 3421 798 3503 publiea
828 3420 960 3488 omnino
981 3425 1023 3488 ad
1043 3425 1154 3490 civita-

105 3539 173 3591 tem
203 3529 294 3612 quasi
322 3528 466 3592 ultimum
493 3549 628 3611 scopum
658 3529 825 3602 tendebat,
863 3529 959 3594 vitam
993 3533 1155 3615 publicam

105 3635 193 3698 enim
222 3645 254 3700 et
276 3634 432 3716 privattm
453 3635 539 3703 inter
566 3655 601 3696 se
624 3635 788 3717 oppositas
808 3637 894 3718 apud
914 3637 1076 3702 Romanos
1098 3641 1153 3704 de·

106 3763 194 3812 mrim
214 3743 379 3814 videmus,
401 3741 457 3826 qni
477 3740 644 3804 utilitatem
665 3741 824 3824 privatam
844 3765 862 3804 a
883 3743 1011 3832 publiea
1034 3745 1153 3828 disjun-

105 3848 242 3930 gebant3
270 3869 369 3932 quum
389 3847 488 3932 igitur
507 3851 589 3912 hane
610 3869 761 3915 severam
779 3849 883 3912 omnis
906 3851 991 3915 ritae
1014 3851 1153 3936 disjunc-

103 3955 228 4018 tionem
248 3958 340 4038 apml
363 3957 506 4019 Graecos
528 3977 685 4040 nusquam
716 3955 935 4039 reperiamus,
960 3955 1012 4041 jus
1034 3983 1098 4025 non
1121 3975 1157 4026 ut

107 4063 196 4142 apud
218 4061 376 4126 Romanos
402 4061 572 4145 diligenter
597 4062 801 4126 terminatum
823 4085 895 4128 esse
915 4077 1038 4148 potest,
1066 4073 1166 4154 quod,

107 4166 228 4250 cuique
255 4169 462 4258 perspicuum
491 4169 569 4248 erit;
602 4189 675 4234 nam
703 4169 808 4256 prima
834 4172 941 4254 legum
970 4174 1155 4239 constitutio

107 4276 226 4339 eodem
257 4287 406 4359 tempore
427 4276 521 4340 nobis
544 4276 701 4349 occurrit,
730 4299 796 4361 quo
820 4277 962 4344 civitates
983 4303 1000 4342 a
1024 4283 1157 4346 Graecis

970 4403 991 4464 1
