<?xml version="1.0" encoding="UTF-8"?>
<!DOCTYPE html PUBLIC "-//W3C//DTD XHTML 1.0 Transitional//EN"
    "http://www.w3.org/TR/xhtml1/DTD/xhtml1-transitional.dtd">
<html xmlns="http://www.w3.org/1999/xhtml" xml:lang="en" lang="en">
 <head>
  <title>
</title>
<meta http-equiv="Content-Type" content="text/html;charset=utf-8" />
  <meta name='ocr-system' content='tesseract 3.04.00' />
  <meta name='ocr-capabilities' content='ocr_page ocr_carea ocr_par ocr_line ocrx_word'/>
</head>
<body>
  <div class='ocr_page' id='page_1' title='image "./dejurehereditar00schngoog_0015.png"; bbox 0 0 2846 5018; ppageno 0'>
   <div class='ocr_carea' id='block_1_1' title="bbox 685 383 906 456">
    <p class='ocr_par' dir='ltr' id='par_1_1' title="bbox 685 383 906 456">
     <span class='ocr_line' id='line_1_1' title="bbox 685 383 906 456; baseline 0.014 -28"><span class='ocrx_word' id='word_1_1' title='bbox 685 383 906 456; x_wconf 61' lang='grc'>..4,-</span> 
     </span>
    </p>
   </div>
   <div class='ocr_carea' id='block_1_2' title="bbox 270 509 1329 2432">
    <p class='ocr_par' dir='ltr' id='par_1_2' title="bbox 270 509 1329 2110">
     <span class='ocr_line' id='line_1_2' title="bbox 350 509 1320 611; baseline 0.019 -19"><span class='ocrx_word' id='word_1_2' title='bbox 350 525 396 592; x_wconf 83' lang='grc' dir='ltr'>Ηί</span> <span class='ocrx_word' id='word_1_3' title='bbox 424 525 487 590; x_wconf 83' lang='lat' dir='ltr'>viri</span> <span class='ocrx_word' id='word_1_4' title='bbox 512 528 616 601; x_wconf 89' lang='lat' dir='ltr'>docti,</span> <span class='ocrx_word' id='word_1_5' title='bbox 645 529 674 592; x_wconf 83' lang='lat' dir='ltr'>si</span> <span class='ocrx_word' id='word_1_6' title='bbox 693 509 910 609; x_wconf 79' lang='lat' dir='ltr'>Bunsenuim,</span> <span class='ocrx_word' id='word_1_7' title='bbox 938 547 971 600; x_wconf 88' lang='lat' dir='ltr'>et</span> <span class='ocrx_word' id='word_1_8' title='bbox 996 537 1136 604; x_wconf 80' lang='lat' dir='ltr'>fortasse</span> <span class='ocrx_word' id='word_1_9' title='bbox 1165 544 1320 611; x_wconf 84' lang='lat' dir='ltr'>Gausium</span> 
     </span>
     <span class='ocr_line' id='line_1_3' title="bbox 270 635 1322 726; baseline 0.017 -28"><span class='ocrx_word' id='word_1_10' title='bbox 270 655 404 720; x_wconf 87' lang='lat' dir='ltr'>quoque</span> <span class='ocrx_word' id='word_1_11' title='bbox 432 635 617 716; x_wconf 83' lang='lat' dir='ltr'>exceperis,</span> <span class='ocrx_word' id='word_1_12' title='bbox 645 657 757 700; x_wconf 81' lang='lat' dir='ltr'>ornnes</span> <span class='ocrx_word' id='word_1_13' title='bbox 779 652 927 706; x_wconf 79' lang='lat' dir='ltr'>accurate</span> <span class='ocrx_word' id='word_1_14' title='bbox 950 645 992 706; x_wconf 90' lang='lat' dir='ltr'>de</span> <span class='ocrx_word' id='word_1_15' title='bbox 1020 641 1094 726; x_wconf 79' lang='lat' dir='ltr'>jure</span> <span class='ocrx_word' id='word_1_16' title='bbox 1122 650 1322 716; x_wconf 87' lang='lat' dir='ltr'>hereditario</span> 
     </span>
     <span class='ocr_line' id='line_1_4' title="bbox 271 741 1324 833; baseline 0.016 -29"><span class='ocrx_word' id='word_1_17' title='bbox 271 742 530 824; x_wconf 81' lang='lat' dir='ltr'>disputaverunt,</span> <span class='ocrx_word' id='word_1_18' title='bbox 557 742 616 804; x_wconf 86' lang='lat' dir='ltr'>sed</span> <span class='ocrx_word' id='word_1_19' title='bbox 636 741 753 806; x_wconf 87' lang='lat' dir='ltr'>mirum</span> <span class='ocrx_word' id='word_1_20' title='bbox 781 759 934 833; x_wconf 87' lang='lat' dir='ltr'>quantum</span> <span class='ocrx_word' id='word_1_21' title='bbox 959 749 1045 814; x_wconf 86' lang='lat' dir='ltr'>inter</span> <span class='ocrx_word' id='word_1_22' title='bbox 1065 773 1100 816; x_wconf 87' lang='lat' dir='ltr'>se</span> <span class='ocrx_word' id='word_1_23' title='bbox 1124 753 1324 833; x_wconf 83' lang='lat' dir='ltr'>dissentiunt,</span> 
     </span>
     <span class='ocr_line' id='line_1_5' title="bbox 270 848 1324 948; baseline 0.018 -40"><span class='ocrx_word' id='word_1_24' title='bbox 270 849 445 932; x_wconf 84' lang='lat' dir='ltr'>quamlibet</span> <span class='ocrx_word' id='word_1_25' title='bbox 466 869 578 912; x_wconf 79' lang='lat' dir='ltr'>ouunes</span> <span class='ocrx_word' id='word_1_26' title='bbox 600 870 641 912; x_wconf 89' lang='lat' dir='ltr'>ex</span> <span class='ocrx_word' id='word_1_27' title='bbox 661 848 774 914; x_wconf 88' lang='lat' dir='ltr'>iisdem</span> <span class='ocrx_word' id='word_1_28' title='bbox 789 853 933 918; x_wconf 87' lang='lat' dir='ltr'>sontibus</span> <span class='ocrx_word' id='word_1_29' title='bbox 950 858 1123 932; x_wconf 77' lang='lat' dir='ltr'>hauserint,</span> <span class='ocrx_word' id='word_1_30' title='bbox 1141 864 1324 948; x_wconf 88' lang='lat' dir='ltr'>eademque</span> 
     </span>
     <span class='ocr_line' id='line_1_6' title="bbox 270 953 1323 1054; baseline 0.017 -37"><span class='ocrx_word' id='word_1_31' title='bbox 270 953 404 1038; x_wconf 77' lang='lat' dir='ltr'>vestigia</span> <span class='ocrx_word' id='word_1_32' title='bbox 422 955 610 1038; x_wconf 85' lang='lat' dir='ltr'>presserint.</span> <span class='ocrx_word' id='word_1_33' title='bbox 638 955 722 1020; x_wconf 87' lang='lat' dir='ltr'>Sane</span> <span class='ocrx_word' id='word_1_34' title='bbox 742 959 896 1024; x_wconf 72' lang='lat' dir='ltr'>versatile·</span> <span class='ocrx_word' id='word_1_35' title='bbox 912 961 991 1054; x_wconf 80' lang='lat' dir='ltr'>iilud</span> <span class='ocrx_word' id='word_1_36' title='bbox 1013 965 1200 1030; x_wconf 87' lang='lat' dir='ltr'>orationum</span> <span class='ocrx_word' id='word_1_37' title='bbox 1220 993 1323 1053; x_wconf 84' lang='lat' dir='ltr'>genus</span> 
     </span>
     <span class='ocr_line' id='line_1_7' title="bbox 271 1060 1326 1156; baseline 0.019 -33"><span class='ocrx_word' id='word_1_38' title='bbox 271 1060 421 1144; x_wconf 82' lang='lat' dir='ltr'>judiciale</span> <span class='ocrx_word' id='word_1_39' title='bbox 443 1074 695 1147; x_wconf 80' lang='lat' dir='ltr'>oratorumque,</span> <span class='ocrx_word' id='word_1_40' title='bbox 724 1063 780 1147; x_wconf 88' lang='lat' dir='ltr'>qui</span> <span class='ocrx_word' id='word_1_41' title='bbox 800 1067 889 1148; x_wconf 85' lang='lat' dir='ltr'>leges</span> <span class='ocrx_word' id='word_1_42' title='bbox 910 1069 1017 1134; x_wconf 88' lang='lat' dir='ltr'>obiter</span> <span class='ocrx_word' id='word_1_43' title='bbox 1041 1083 1192 1156; x_wconf 84' lang='lat' dir='ltr'>tangunt,</span> <span class='ocrx_word' id='word_1_44' title='bbox 1211 1079 1326 1142; x_wconf 85' lang='lat' dir='ltr'>levitas</span> 
     </span>
     <span class='ocr_line' id='line_1_8' title="bbox 271 1168 1326 1254; baseline 0.016 -22"><span class='ocrx_word' id='word_1_45' title='bbox 271 1168 432 1242; x_wconf 85' lang='lat' dir='ltr'>efficiunt,</span> <span class='ocrx_word' id='word_1_46' title='bbox 460 1181 494 1232; x_wconf 93' lang='lat' dir='ltr'>ut</span> <span class='ocrx_word' id='word_1_47' title='bbox 514 1191 614 1252; x_wconf 88' lang='lat' dir='ltr'>saepe</span> <span class='ocrx_word' id='word_1_48' title='bbox 634 1191 740 1254; x_wconf 86' lang='lat' dir='ltr'>aequo</span> <span class='ocrx_word' id='word_1_49' title='bbox 762 1171 870 1234; x_wconf 88' lang='lat' dir='ltr'>Marte</span> <span class='ocrx_word' id='word_1_50' title='bbox 891 1195 932 1236; x_wconf 81' lang='lat' dir='ltr'>ex</span> <span class='ocrx_word' id='word_1_51' title='bbox 952 1175 1068 1242; x_wconf 86' lang='lat' dir='ltr'>iisdem</span> <span class='ocrx_word' id='word_1_52' title='bbox 1089 1180 1172 1244; x_wconf 87' lang='lat' dir='ltr'>locis</span> <span class='ocrx_word' id='word_1_53' title='bbox 1195 1183 1326 1248; x_wconf 85' lang='lat' dir='ltr'>diversa</span> 
     </span>
     <span class='ocr_line' id='line_1_9' title="bbox 272 1274 1326 1368; baseline 0.017 -30"><span class='ocrx_word' id='word_1_54' title='bbox 272 1277 467 1340; x_wconf 83' lang='lat' dir='ltr'>concludere</span> <span class='ocrx_word' id='word_1_55' title='bbox 494 1296 592 1358; x_wconf 88' lang='lat' dir='ltr'>posse</span> <span class='ocrx_word' id='word_1_56' title='bbox 617 1275 676 1338; x_wconf 91' lang='lat' dir='ltr'>tibi</span> <span class='ocrx_word' id='word_1_57' title='bbox 696 1274 847 1354; x_wconf 79' lang='lat' dir='ltr'>videaris.</span> <span class='ocrx_word' id='word_1_58' title='bbox 883 1281 976 1345; x_wconf 88' lang='lat' dir='ltr'>Haec</span> <span class='ocrx_word' id='word_1_59' title='bbox 1002 1281 1111 1368; x_wconf 88' lang='lat' dir='ltr'>itaque</span> <span class='ocrx_word' id='word_1_60' title='bbox 1141 1287 1326 1357; x_wconf 81' lang='lat' dir='ltr'>etiamnunc</span> 
     </span>
     <span class='ocr_line' id='line_1_10' title="bbox 273 1380 1326 1485; baseline 0.015 -40"><span class='ocrx_word' id='word_1_61' title='bbox 273 1383 370 1449; x_wconf 81' lang='lat' dir='ltr'>dubia</span> <span class='ocrx_word' id='word_1_62' title='bbox 392 1380 475 1466; x_wconf 81' lang='lat' dir='ltr'>juris</span> <span class='ocrx_word' id='word_1_63' title='bbox 495 1381 594 1448; x_wconf 82' lang='lat' dir='ltr'>Auici</span> <span class='ocrx_word' id='word_1_64' title='bbox 621 1381 768 1475; x_wconf 86' lang='lat' dir='ltr'>conditio</span> <span class='ocrx_word' id='word_1_65' title='bbox 790 1405 843 1448; x_wconf 86' lang='lat' dir='ltr'>me</span> <span class='ocrx_word' id='word_1_66' title='bbox 864 1385 1068 1476; x_wconf 85' lang='lat' dir='ltr'>impellebat,</span> <span class='ocrx_word' id='word_1_67' title='bbox 1097 1404 1131 1455; x_wconf 91' lang='lat' dir='ltr'>ut</span> <span class='ocrx_word' id='word_1_68' title='bbox 1152 1395 1228 1460; x_wconf 91' lang='lat' dir='ltr'>huic</span> <span class='ocrx_word' id='word_1_69' title='bbox 1251 1420 1326 1485; x_wconf 84' lang='lat' dir='ltr'>pnr-</span> 
     </span>
     <span class='ocr_line' id='line_1_11' title="bbox 271 1488 1327 1578; baseline 0.017 -25"><span class='ocrx_word' id='word_1_70' title='bbox 271 1489 406 1566; x_wconf 85' lang='lat' dir='ltr'>tieulae,</span> <span class='ocrx_word' id='word_1_71' title='bbox 426 1488 491 1573; x_wconf 84' lang='lat' dir='ltr'>juri</span> <span class='ocrx_word' id='word_1_72' title='bbox 510 1490 641 1575; x_wconf 88' lang='lat' dir='ltr'>inquam</span> <span class='ocrx_word' id='word_1_73' title='bbox 661 1490 874 1567; x_wconf 85' lang='lat' dir='ltr'>hereditario,</span> <span class='ocrx_word' id='word_1_74' title='bbox 897 1495 1002 1563; x_wconf 86' lang='lat' dir='ltr'>studia</span> <span class='ocrx_word' id='word_1_75' title='bbox 1018 1522 1181 1578; x_wconf 82' lang='lat' dir='ltr'>nauarem,</span> <span class='ocrx_word' id='word_1_76' title='bbox 1203 1517 1235 1568; x_wconf 89' lang='lat' dir='ltr'>et</span> <span class='ocrx_word' id='word_1_77' title='bbox 1254 1529 1327 1570; x_wconf 85' lang='lat' dir='ltr'>rem</span> 
     </span>
     <span class='ocr_line' id='line_1_12' title="bbox 274 1591 1322 1694; baseline 0.011 -33"><span class='ocrx_word' id='word_1_78' title='bbox 274 1599 381 1662; x_wconf 90' lang='lat' dir='ltr'>denuo</span> <span class='ocrx_word' id='word_1_79' title='bbox 399 1595 595 1660; x_wconf 68' lang='lat' dir='ltr'>exsortibus</span> <span class='ocrx_word' id='word_1_80' title='bbox 608 1597 803 1660; x_wconf 78' lang='lat' dir='ltr'>tractandam</span> <span class='ocrx_word' id='word_1_81' title='bbox 822 1600 902 1666; x_wconf 89' lang='lat' dir='ltr'>mihi</span> <span class='ocrx_word' id='word_1_82' title='bbox 918 1591 1151 1686; x_wconf 83' lang='lat' dir='ltr'>proponerem,</span> <span class='ocrx_word' id='word_1_83' title='bbox 1173 1633 1235 1672; x_wconf 89' lang='lat' dir='ltr'>non</span> <span class='ocrx_word' id='word_1_84' title='bbox 1255 1633 1322 1694; x_wconf 91' lang='lat' dir='ltr'>quo</span> 
     </span>
     <span class='ocr_line' id='line_1_13' title="bbox 273 1703 1327 1801; baseline 0.01 -33"><span class='ocrx_word' id='word_1_85' title='bbox 273 1704 423 1790; x_wconf 82' lang='lat' dir='ltr'>egregios</span> <span class='ocrx_word' id='word_1_86' title='bbox 450 1703 525 1768; x_wconf 84' lang='lat' dir='ltr'>iilos</span> <span class='ocrx_word' id='word_1_87' title='bbox 546 1704 637 1768; x_wconf 82' lang='lat' dir='ltr'>viros</span> <span class='ocrx_word' id='word_1_88' title='bbox 659 1705 805 1770; x_wconf 83' lang='lat' dir='ltr'>doctrina</span> <span class='ocrx_word' id='word_1_89' title='bbox 826 1729 981 1790; x_wconf 88' lang='lat' dir='ltr'>superare</span> <span class='ocrx_word' id='word_1_90' title='bbox 999 1714 1132 1784; x_wconf 86' lang='lat' dir='ltr'>vellem,</span> <span class='ocrx_word' id='word_1_91' title='bbox 1167 1719 1224 1779; x_wconf 88' lang='lat' dir='ltr'>sed</span> <span class='ocrx_word' id='word_1_92' title='bbox 1248 1717 1327 1801; x_wconf 85' lang='lat' dir='ltr'>quia</span> 
     </span>
     <span class='ocr_line' id='line_1_14' title="bbox 273 1810 1329 1900; baseline 0.009 -26"><span class='ocrx_word' id='word_1_93' title='bbox 273 1833 405 1874; x_wconf 80' lang='lat' dir='ltr'>suavem</span> <span class='ocrx_word' id='word_1_94' title='bbox 425 1823 458 1874; x_wconf 92' lang='lat' dir='ltr'>et</span> <span class='ocrx_word' id='word_1_95' title='bbox 478 1810 588 1874; x_wconf 87' lang='lat' dir='ltr'>utilem</span> <span class='ocrx_word' id='word_1_96' title='bbox 610 1833 743 1896; x_wconf 87' lang='lat' dir='ltr'>operam</span> <span class='ocrx_word' id='word_1_97' title='bbox 763 1814 838 1876; x_wconf 83' lang='lat' dir='ltr'>iore</span> <span class='ocrx_word' id='word_1_98' title='bbox 856 1813 1016 1900; x_wconf 84' lang='lat' dir='ltr'>putabam,</span> <span class='ocrx_word' id='word_1_99' title='bbox 1036 1813 1064 1874; x_wconf 89' lang='lat' dir='ltr'>si</span> <span class='ocrx_word' id='word_1_100' title='bbox 1084 1815 1157 1899; x_wconf 81' lang='lat' dir='ltr'>ipse</span> <span class='ocrx_word' id='word_1_101' title='bbox 1179 1839 1250 1880; x_wconf 84' lang='lat' dir='ltr'>reru</span> <span class='ocrx_word' id='word_1_102' title='bbox 1266 1846 1329 1900; x_wconf 87' lang='lat' dir='ltr'>pe-</span> 
     </span>
     <span class='ocr_line' id='line_1_15' title="bbox 274 1914 1327 2004; baseline 0.002 -22"><span class='ocrx_word' id='word_1_103' title='bbox 274 1914 358 1982; x_wconf 85' lang='lat' dir='ltr'>nitus</span> <span class='ocrx_word' id='word_1_104' title='bbox 378 1931 567 1984; x_wconf 72' lang='lat' dir='ltr'>tractatulus</span> <span class='ocrx_word' id='word_1_105' title='bbox 586 1918 686 2004; x_wconf 89' lang='lat' dir='ltr'>idque</span> <span class='ocrx_word' id='word_1_106' title='bbox 707 1921 880 1984; x_wconf 82' lang='lat' dir='ltr'>effecturus</span> <span class='ocrx_word' id='word_1_107' title='bbox 901 1940 1022 1992; x_wconf 89' lang='lat' dir='ltr'>essem,</span> <span class='ocrx_word' id='word_1_108' title='bbox 1050 1929 1084 1980; x_wconf 93' lang='lat' dir='ltr'>ut</span> <span class='ocrx_word' id='word_1_109' title='bbox 1105 1919 1244 1985; x_wconf 85' lang='lat' dir='ltr'>sortasse</span> <span class='ocrx_word' id='word_1_110' title='bbox 1266 1925 1327 1986; x_wconf 86' lang='lat' dir='ltr'>ali-</span> 
     </span>
     <span class='ocr_line' id='line_1_16' title="bbox 275 2025 1304 2110; baseline 0.001 -23"><span class='ocrx_word' id='word_1_111' title='bbox 275 2037 356 2110; x_wconf 90' lang='lat' dir='ltr'>quot</span> <span class='ocrx_word' id='word_1_112' title='bbox 375 2038 535 2090; x_wconf 80' lang='lat' dir='ltr'>momenta</span> <span class='ocrx_word' id='word_1_113' title='bbox 554 2025 701 2092; x_wconf 85' lang='lat' dir='ltr'>firmiore</span> <span class='ocrx_word' id='word_1_114' title='bbox 722 2038 912 2110; x_wconf 83' lang='lat' dir='ltr'>argumento</span> <span class='ocrx_word' id='word_1_115' title='bbox 933 2037 1018 2090; x_wconf 85' lang='lat' dir='ltr'>stare</span> <span class='ocrx_word' id='word_1_116' title='bbox 1039 2026 1236 2092; x_wconf 83' lang='lat' dir='ltr'>viderentur.</span> <span class='ocrx_word' id='word_1_117' title='bbox 1258 2067 1304 2078; x_wconf 89' lang='grc'>--</span> 
     </span>
    </p>

    <p class='ocr_par' dir='ltr' id='par_1_3' title="bbox 277 2133 1329 2432">
     <span class='ocr_line' id='line_1_17' title="bbox 357 2133 1328 2220; baseline -0.001 -22"><span class='ocrx_word' id='word_1_118' title='bbox 357 2134 502 2198; x_wconf 87' lang='lat' dir='ltr'>Primum</span> <span class='ocrx_word' id='word_1_119' title='bbox 523 2133 631 2220; x_wconf 87' lang='lat' dir='ltr'>itaque</span> <span class='ocrx_word' id='word_1_120' title='bbox 653 2137 695 2198; x_wconf 88' lang='lat' dir='ltr'>de</span> <span class='ocrx_word' id='word_1_121' title='bbox 714 2134 920 2198; x_wconf 85' lang='lat' dir='ltr'>successione</span> <span class='ocrx_word' id='word_1_122' title='bbox 942 2135 984 2197; x_wconf 92' lang='lat' dir='ltr'>ab</span> <span class='ocrx_word' id='word_1_123' title='bbox 1003 2133 1171 2205; x_wconf 85' lang='lat' dir='ltr'>intestato,</span> <span class='ocrx_word' id='word_1_124' title='bbox 1194 2144 1262 2198; x_wconf 87' lang='lat' dir='ltr'>tum</span> <span class='ocrx_word' id='word_1_125' title='bbox 1283 2137 1328 2197; x_wconf 88' lang='lat' dir='ltr'>de</span> 
     </span>
     <span class='ocr_line' id='line_1_18' title="bbox 277 2239 1329 2324; baseline -0.002 -18"><span class='ocrx_word' id='word_1_126' title='bbox 277 2241 499 2314; x_wconf 87' lang='lat' dir='ltr'>successione,</span> <span class='ocrx_word' id='word_1_127' title='bbox 529 2239 613 2323; x_wconf 84' lang='lat' dir='ltr'>quae</span> <span class='ocrx_word' id='word_1_128' title='bbox 631 2249 821 2324; x_wconf 78' lang='lat' dir='ltr'>testamento</span> <span class='ocrx_word' id='word_1_129' title='bbox 847 2239 974 2309; x_wconf 84' lang='lat' dir='ltr'>nititur,</span> <span class='ocrx_word' id='word_1_130' title='bbox 1004 2239 1146 2321; x_wconf 87' lang='lat' dir='ltr'>denique</span> <span class='ocrx_word' id='word_1_131' title='bbox 1170 2241 1212 2302; x_wconf 87' lang='lat' dir='ltr'>de</span> <span class='ocrx_word' id='word_1_132' title='bbox 1233 2241 1329 2304; x_wconf 91' lang='lat' dir='ltr'>here-</span> 
     </span>
     <span class='ocr_line' id='line_1_19' title="bbox 280 2342 1192 2432; baseline -0.004 -18"><span class='ocrx_word' id='word_1_133' title='bbox 280 2353 378 2416; x_wconf 85' lang='lat' dir='ltr'>ditate</span> <span class='ocrx_word' id='word_1_134' title='bbox 400 2349 485 2432; x_wconf 82' lang='lat' dir='ltr'>ipsa,</span> <span class='ocrx_word' id='word_1_135' title='bbox 507 2359 539 2409; x_wconf 89' lang='lat' dir='ltr'>et</span> <span class='ocrx_word' id='word_1_136' title='bbox 559 2350 601 2408; x_wconf 86' lang='lat' dir='ltr'>de</span> <span class='ocrx_word' id='word_1_137' title='bbox 621 2344 799 2407; x_wconf 85' lang='lat' dir='ltr'>actionibus</span> <span class='ocrx_word' id='word_1_138' title='bbox 820 2342 1027 2405; x_wconf 80' lang='lat' dir='ltr'>hereditariis</span> <span class='ocrx_word' id='word_1_139' title='bbox 1049 2367 1192 2424; x_wconf 84' lang='lat' dir='ltr'>agemus.</span> 
     </span>
    </p>
   </div>
   <div class='ocr_carea' id='block_1_3' title="bbox 0 0 1448 5018">
    <p class='ocr_par' dir='ltr' id='par_1_4' title="bbox 0 0 1448 5018">
     <span class='ocr_line' id='line_1_20' title="bbox 0 0 1448 5018; baseline 0 0"><span class='ocrx_word' id='word_1_140' title='bbox 0 0 1448 5018; x_wconf 95' lang='lat' dir='ltr'> </span> 
     </span>
    </p>
   </div>
  </div>
 </body>
</html>
