2846 5018
702 339 944 412 ...w-q

307 484 464 538 καταλιπὼν
483 493 591 558 γνησίας
609 485 726 556 tritoni.
745 488 782 552 ln
796 491 906 552 eadem
924 489 1071 556 oratione
1093 497 1148 556 58:
1168 495 1268 554 odiosis
1286 523 1354 564 suen

306 599 362 643 τῶν
377 591 540 662 θυγατέρων
559 600 612 646 tou
631 590 715 646 tofina
739 597 783 646 sni
802 595 945 648 distruunt
964 597 999 650 τά
1018 597 1115 653 αὐτοῦ.

387 696 493 782 Supra
520 696 584 779 jan
612 695 751 762 diximus
778 699 904 763 civibus
928 712 1046 770 aurosne
1063 719 1284 772 testamentum
1306 712 1354 774 fn·

306 822 382 864 ense
407 823 471 866 non
502 802 647 877 licuisse,
674 806 765 888 quod
791 804 835 868 itu
864 805 1089 894 explicandum
1118 827 1185 876 est:
1215 813 1250 878 hi
1276 837 1357 880 sune

305 908 459 970 heredem
489 908 651 972 bonorum
676 929 808 974 suerum
836 911 1033 978 constituere
1054 934 1203 998 possunt,
1224 924 1281 982 sed
1305 940 1354 985 te-

305 1027 491 1076 stamentum
512 1014 544 1076 in
564 1015 700 1100 proprio
721 1037 817 1078 sensu
836 1018 901 1080 hoe
921 1039 986 1082 non
1005 1031 1085 1092 ernt,
1107 1022 1193 1105 quin,
1216 1042 1249 1088 ιιι
1268 1027 1357 1090 iuli-a

305 1119 504 1194 videbimus,
531 1124 627 1186 heres
652 1144 691 1186 ex
712 1134 900 1186 testamento
928 1125 960 1188 in
982 1125 1087 1188 omnia
1117 1131 1258 1195 defuncti
1276 1132 1357 1214 jura

305 1227 411 1290 civilio
431 1231 634 1305 succedebat,
658 1232 835 1320 dequibus
855 1249 958 1296 nutem
980 1233 1013 1296 in
1036 1235 1120 1308 eive,
1142 1236 1234 1318 enjus
1258 1258 1358 1322 pater

218 1335 221 1344 '
305 1335 385 1398 eivis
411 1339 553 1402 nondum
583 1356 668 1411 eret,
699 1361 805 1402 sermo
832 1360 903 1404 esse
930 1341 1047 1424 nequit.
1081 1342 1114 1404 Si
1135 1343 1232 1426 igitur
1260 1346 1358 1409 nites

303 1446 410 1512 ποψτοί
434 1443 610 1510 testamenti
637 1445 778 1508 fautione
804 1444 870 1527 jem
894 1448 1064 1519 enrebnnt,
1095 1470 1135 1512 eo
1166 1451 1268 1533 magis
1295 1453 1358 1524 iis,

303 1551 358 1640 qni
370 1567 483 1616 statum
503 1549 658 1614 libertatis
678 1567 731 1614 eut
743 1550 881 1616 eiritntis
895 1553 1076 1628 emiserunt,
1097 1557 1161 1618 hoe
1175 1554 1224 1637 jus
1243 1559 1355 1623 deest.

203 1650 206 1655 ’
302 1659 340 1720 ln
369 1660 433 1721 hoe
459 1659 536 1720 loeo
563 1655 674 1731 etium,
703 1656 758 1745 qui
784 1657 923 1722 ιιιιιιὶιιιιι
950 1659 1077 1724 infamia
1103 1661 1210 1724 affecti
1237 1684 1349 1740 erunt,

301 1763 446 1845 ponendi
466 1778 555 1836 snut,
575 1760 704 1826 minime
723 1775 845 1838 nutent,
865 1781 899 1828 ut
916 1766 1083 1830 Pletnerns
1106 1766 1158 1841 (in
1183 1767 1270 1832 libro
1291 1774 1348 1834 At-

302 1871 423 1934 tiseher
440 1871 600 1948 Proeess)
627 1883 738 1935 enuuu
764 1873 959 1938 Bouseninm
987 1873 1216 1938 demonstrarit
1240 1873 1345 1936 medin

218 2021 221 2028 ·
302 1976 431 2042 infamia
450 1977 574 2050 effecti,
595 1975 651 2062 qui
671 2001 767 2065 quum
787 1979 873 2042 bons
895 2002 959 2044 non
982 1979 1191 2052 admitterent,
1213 2000 1269 2041 suo
1292 2001 1347 2040 nr·

301 2085 401 2148 lu'trio
425 2086 518 2149 etism
538 2087 692 2150 heredem
710 2085 871 2150 destinare
892 2100 1053 2172 poterant.
1082 2090 1195 2171 Neque
1213 2085 1263 2156 iis,
1284 2087 1341 2169 qni

303 2193 422 2257 eivitnti
442 2204 604 2274 gestorum
622 2191 859 2276 magistratuum
880 2195 1022 2258 rationes
1042 2197 1227 2261 reddendos
1247 2195 1349 2256 debe-

301 2299 374 2372 bat,
399 2311 617 2363 testamentum
643 2297 788 2362 seribere
813 2312 955 2385 poterat,
981 2312 1015 2362 ut
1040 2303 1126 2380 apud
1149 2299 1344 2364 Aeschinem

301 2407 334 2469 in
356 2405 503 2493 ctesiph,
521 2406 672 2488 legimns:
692 2407 775 2460 πάλιν
799 2406 946 2462 ductuum
963 2405 1014 2458 οὐκ
1037 2404 1069 2475 ι’ξι
1086 2406 1120 2476 τι)Ι
1145 2406 1241 2460 ου’σίιιν
1260 2408 1350 2460 unsis-

301 2509 371 2584 potir
387 2511 449 2564 adut
467 2511 600 2581 ἀνάθημα
611 2511 749 2564 ἀναθιῖναι
762 2511 820 2564 otid'
832 2516 971 2579 tmnimsor
987 2511 1110 2580 γενέσθαι
1125 2511 1353 2566 statuissetis:

286 2615 336 2676 ,sd
354 2614 452 2670 tauron}
471 2615 528 2668 οὐδ’
547 2613 623 2670 ἄλλα
641 2615 734 2668 πολλὰ
752 2637 777 2670 ιι.
791 2635 817 2670 τ.
831 2617 859 2670 λ.
882 2618 957 2678 Hoc
977 2632 1081 2678 autem
1095 2614 1224 2678 minime
1245 2639 1347 2702 prop-

301 2737 390 2785 teren
418 2721 533 2794 fiebat,
561 2720 635 2805 quis
662 2721 732 2784 talis
759 2720 862 2784 medin
891 2721 1018 2783 infamia
1039 2723 1170 2785 effectus
1198 2738 1283 2795 erut,
1312 2741 1350 2786 ιιι

301 2826 479 2889 Bussenius
501 2840 602 2912 putot,
624 2829 682 2890 sed
704 2825 779 2910 qnia
799 2848 851 2888 res
873 2826 941 2908 rjus
964 2827 1095 2890 assurin
1116 2828 1252 2912 publico,
1274 2813 1346 2890 titu-

301 2956 394 3020 qum
412 2933 539 3020 pignori
561 2934 730 3020 oppositae
752 2951 854 2995 erunt.

383 3189 431 3248 ΙΙ.
455 3189 545 3270 Quid
566 3189 611 3248 ad
632 3173 825 3247 testamenti
838 3181 1030 3268 factionem
1054 3185 1255 3263 requiritur,

578 3295 620 3372 b)
648 3293 739 3374 qued
764 3295 886 3354 attinet
906 3289 1075 3374 formum.

384 3467 489 3547 Quum
517 3486 617 3538 nune,
638 3465 903 3552 quemadmodum
930 3475 1114 3526 testamenta
1140 3461 1351 3534 ordinentur,

302 3573 535 3657 exquirendum
547 3571 598 3644 sit,
614 3569 872 3642 reminiscemur,
892 3572 982 3653 quod
1001 3568 1065 3650 jam
1086 3569 1119 3632 in
1133 3569 1226 3632 initio
1247 3567 1350 3649 hujus
1388 3559 1389 3562 ¹

304 3678 402 3760 pertis
421 3677 574 3750 diximus,
596 3675 725 3740 heredis
746 3659 976 3740 iustitutionem
997 3697 1036 3738 ex
1056 3687 1243 3750 testamento
1263 3675 1351 3736 nihit

303 3786 499 3858 aliudesse,
524 3805 562 3848 ae
581 3784 800 3871 adoptionem.
833 3785 914 3847 lude
938 3781 1099 3865 sequitur,
1127 3780 1289 3853 testatori,
1317 3781 1350 3842 si

178 3922 186 3932 ·
303 3913 403 3978 quem
429 3902 661 3972 postmortem
686 3911 779 3954 susm
799 3891 832 3952 iu
853 3890 941 3952 bons
961 3909 1019 3952 sun
1040 3889 1101 3952 filii
1120 3887 1251 3951 nomine
1270 3908 1351 3948 snc-

304 4000 423 4062 eedere
442 3997 506 4062 sibi
523 3999 631 4070 veliet,
650 3999 715 4060 hoo
734 3994 899 4080 negotium
919 4007 973 4057 aut
993 4015 1101 4062 eornm
1121 3993 1237 4056 iisdem
1257 3993 1353 4054 testi·

305 4110 384 4177 bus,
405 4106 461 4188 qui
481 4108 523 4168 ed
542 4103 749 4188 adoptionem
770 4104 986 4177 vocabuntur,
1013 4105 1047 4166 id
1068 4113 1247 4164 estensem
1268 4121 1353 4182 cog·

304 4213 385 4276 natis
411 4224 442 4274 et
468 4211 674 4298 putatoribus
693 4211 928 4296 peragendum,
955 4221 1009 4275 aut
1032 4219 1254 4274 testamentum
1281 4204 1354 4287 jam

1213 4481 1225 4518 Ι
