2846 5018
672 331 920 402 ..10-

273 473 356 536 haee
376 474 493 538 mulien
512 485 610 562 eaput
628 488 686 549 est,
708 487 743 542 et
761 481 888 562 longius
910 503 1014 567 usque
1033 486 1074 546 ed
1093 483 1184 546 viros
1208 507 1328 552 asun-

275 580 356 642 dere
382 603 448 644 non
476 603 558 664 opus
589 594 648 647 est.
690 587 891 652 Haemode
922 589 1018 654 facile
1047 589 1188 672 capitum
1219 594 1328 688 series

276 685 428 749 constitui
452 699 569 774 potest.

356 840 432 904 Hoc
459 851 564 908 autem
593 866 658 908 non
676 845 810 928 sufficit3
828 835 980 912 'accidere
995 849 1081 914 enim
1102 863 1226 934 potest,
1251 858 1327 943 plu·
1405 879 1406 952 p

274 963 328 1006 res
346 944 444 1010 lineas
463 951 577 1012 eodem
603 939 677 1034 juie
697 953 780 1031 frui,
806 953 899 1017 verbi
920 955 1020 1040 gratia
1040 955 1159 1032 lineas,
1181 981 1265 1044 quae
1289 963 1328 1026 in

276 1049 428 1116 defuneto
457 1066 489 1116 et
513 1047 583 1138 ejus
614 1070 708 1141 patre
738 1059 944 1127 conveniunt.
987 1063 1087 1144 Quod
1111 1062 1139 1126 si
1162 1067 1332 1146 acciderit,

272 1154 359 1220 inter
387 1159 443 1230 has
472 1159 587 1236 lineas,
614 1176 752 1250 propter
778 1173 886 1233 sparso
903 1165 965 1224 ²⁰⁶5
984 1165 1097 1239 ἇρβενας
1116 1173 1233 1238 eodem
1253 1175 1332 1260 jure

272 1261 434 1340 fruentes,
455 1289 583 1351 semper
604 1291 641 1332 ea
661 1271 862 1352 praefentur,
889 1293 989 1356 quae,
1015 1273 1043 1335 si
1062 1274 1161 1340 lineas
1182 1283 1328 1362 reducis,

272 1367 365 1450 prius
381 1393 474 1456 quam
486 1387 612 1438 ceterae
627 1375 659 1438 in
670 1375 723 1438 tali
734 1375 839 1460 eapite
853 1379 1017 1446 convenit.
1029 1381 1104 1445 Huc
1114 1383 1192 1468 legis
1206 1389 1328 1451 verba:

273 1473 322 1529 ἕᾶν
338 1481 438 1532 (κ’τῶν
461 1480 554 1536 αὐτῶν
577 1479 627 1536 ω’σι
644 1484 816 1547 referenda
831 1496 930 1560 sunt,
958 1509 1060 1574 quae,
1081 1502 1115 1552 ut
1131 1487 1195 1574 jam
1217 1491 1255 1557 C.
1282 1497 1326 1557 de

271 1581 366 1646 Boon
386 1585 633 1662 demonstravit,
666 1610 723 1652 eos
751 1603 906 1674 cognatos
936 1591 1130 1678 significant,
1160 1597 1215 1684 qui
1235 1595 1322 1662 inter

273 1710 351 1764 eos,
372 1691 427 1776 qui
448 1704 583 1776 proptei·
605 1703 712 1764 κρατιῑν
729 1694 790 1751 τούς
808 1695 923 1768 austeras
943 1687 1057 1760 eotiem
1077 1698 1152 1780 jure
1172 1705 1325 1768 frueren-

271 1805 343 1868 tur,
371 1796 461 1879 prius
488 1799 520 1862 in
548 1797 651 1884 eapite
679 1801 884 1865 conveniunt.
917 1803 954 1865 ln
982 1781 1190 1884 cognatoium
1223 1809 1321 1872 lineis

271 1914 395 1977 antem,
418 1927 517 1992 quae,
542 1903 632 1970 eiad
653 1907 839 1976 apartments
863 1906 974 1978 datisve<
990 1917 1107 1970 tantum
1128 1921 1322 1990 spectamus,

270 2009 357 2072 inter
375 2032 412 2074 se
431 2022 628 2096 congruunt,
649 2013 728 2075 haec
750 2013 919 2076 observari
941 2013 1075 2076 debent:
1099 2015 1145 2076 Ea
1166 2030 1322 2098 cognato-

264 2137 344 2181 vnum
361 2119 455 2195 linea,
470 2121 502 2184 in
519 2143 581 2206 qua
598 2120 730 2206 quidem
747 2121 901 2185 mulieres
918 2135 1002 2196 sum,
1017 2145 1100 2207 quae
1114 2133 1216 2184 autem
1230 2125 1321 2204 prius

267 2223 304 2288 in
325 2227 431 2310 eapite
452 2249 524 2292 eum
547 2227 700 2291 defuncto
718 2229 880 2298 convenit,
903 2251 1001 2312 quam
1022 2227 1093 2301 alia,
1115 2228 1230 2317 inqua
1251 2229 1322 2293 sine

268 2333 333 2394 ulla
354 2333 591 2397 intermissione
606 2331 671 2396 viri
691 2346 775 2406 sunt,
801 2333 1007 2396 nihilominus
1029 2333 1106 2396 huie
1127 2335 1326 2416 praefertur·

269 2439 366 2503 Nunc
392 2462 489 2525 saepe
518 2442 649 2518 accidit,
678 2459 713 2508 ut
741 2445 851 2540 plures
878 2439 982 2504 lineae
1009 2440 1042 2504 in
1070 2443 1186 2504 eodem
1216 2443 1322 2526 eapite

272 2545 475 2610 conueniant.
509 2547 574 2612 Hie
598 2551 648 2612 lex
669 2557 777 2619 κρατεῖν
795 2547 856 2604 τούς
875 2544 989 2618 ἆρῤενας
1013 2551 1058 2599 καὶ
1075 2545 1137 2603 τούς
1155 2551 1182 2599 ἐκ
1200 2557 1257 2601 τῶν
1276 2549 1325 2618 ἆρ’-

271 2650 357 2723 ρἰων
380 2649 496 2717 iterum
517 2656 621 2742 viget;
650 2655 679 2720 si
699 2653 798 2738 igitur
826 2653 859 2716 in
887 2655 988 2716 altera
1017 2651 1101 2716 linea
1129 2653 1199 2716 sine
1227 2654 1325 2717 inten-

270 2755 424 2834 missione
442 2759 506 2826 viri
527 2775 615 2838 sunt,
634 2762 667 2825 in
687 2765 787 2853 altera
808 2760 894 2824 inter
913 2761 1003 2823 vinos
1026 2772 1059 2824 et
1078 2760 1247 2838 mulieres,
1269 2761 1321 2822 illa

270 2866 356 2930 hene
374 2871 541 2932 antecedit.
563 2872 599 2934 In
614 2871 680 2932 fine
700 2865 796 2952 hujus
811 2865 963 2952 principii
977 2865 1223 2938 adnotationem,
1238 2885 1318 2961 quae

270 2987 377 3038 autem
403 2978 508 3040 adhue
536 2977 630 3040 (fictis
661 2977 825 3059 superflua
853 2973 1035 3046 videbitur,
1061 2975 1182 3036 addere
1204 2991 1316 3058 possu-

271 3103 361 3146 mus:
384 3105 495 3148 omnes
516 3088 632 3149 eodem
652 3095 772 3146 tantum
796 3095 897 3164 patre,
920 3103 984 3144 non
1006 3081 1119 3143 eadem
1139 3093 1239 3143 matre
1260 3077 1321 3141 nati
1406 3133 1408 3156 ‹

274 3187 478 3260 (ὁμοπάτριοι)
498 3191 585 3254 idem
605 3190 657 3274 jus
684 3201 721 3255 ac
743 3189 799 3274 qui
818 3209 939 3272 geuene
960 3207 1053 3269 panes
1074 3196 1162 3257 sunt,
1192 3185 1321 3246 habent.

271 3298 444 3362 Praeterea
465 3301 545 3363 haee
564 3283 597 3362 in
619 3318 749 3384 quaque
770 3317 874 3380 paene
894 3295 1042 3357 oratione
1063 3312 1212 3374 expressa
1234 3303 1321 3369 sunt,

272 3406 367 3470 verbi
383 3405 485 3492 gnatia
506 3405 539 3469 in
557 3405 727 3470 Demosth.
748 3403 1083 3472 adv.Maca1·t.tt)tt‚
1105 3400 1177 3460 adv.
1199 3397 1321 3460 Leoch.

273 3517 372 3588 tosa,
393 3519 476 3578 tuso
497 3524 557 3602 eu.

354 3687 463 3767 Quum
483 3705 569 3748 nuno
591 3685 705 3747 dehac
725 3681 806 3765 legis
821 3691 914 3769 parte
929 3676 1005 3740 satis
1027 3677 1145 3740 dietum
1163 3675 1319 3744 videatur,

273 3793 349 3876 quia
368 3793 449 3877 legis
475 3791 576 3855 verba
597 3787 771 3854 clarissima
793 3785 926 3860 omnino
957 3782 1076 3847 nuliam
1103 3781 1319 3844 difficultatem

272 3901 445 3982 praebent,
467 3897 531 3982 jam
552 3897 593 3959 ad
613 3895 743 3960 tertium
766 3892 972 3980 principium,
994 3891 1085 3978 quod
1105 3911 1147 3952 ex
1167 3890 1239 3970 lege
1261 3908 1315 3948 no·

274 4019 338 4068 stra
360 4006 556 4069 constituere
575 4005 750 4074 studemus,
771 4022 849 4066 sane
861 4001 952 4085 quod
970 4001 1148 4068 verborum
1164 3996 1320 4080 interpre-

273 4113 427 4176 tationem
447 4112 577 4184 attinet,
603 4107 824 4172 difficillimam
846 4117 987 4192 paatem,
1008 4105 1174 4178 venimus,
1195 4115 1227 4167 et
1248 4123 1319 4189 pro·

275 4223 363 4286 fecto
385 4218 439 4284 hio
467 4219 531 4283 dici
552 4227 675 4306 potesta
697 4217 803 4280 adhue
816 4215 882 4278 sub
895 4211 1011 4296 ,judice
1032 4215 1071 4276 lis
1087 4225 1151 4274 est.
