<?xml version="1.0" encoding="UTF-8"?>
<!DOCTYPE html PUBLIC "-//W3C//DTD XHTML 1.0 Transitional//EN"
    "http://www.w3.org/TR/xhtml1/DTD/xhtml1-transitional.dtd">
<html xmlns="http://www.w3.org/1999/xhtml" xml:lang="en" lang="en">
 <head>
  <title>
</title>
<meta http-equiv="Content-Type" content="text/html;charset=utf-8" />
  <meta name='ocr-system' content='tesseract 3.04.00' />
  <meta name='ocr-capabilities' content='ocr_page ocr_carea ocr_par ocr_line ocrx_word'/>
</head>
<body>
  <div class='ocr_page' id='page_1' title='image "./dejurehereditar00schngoog_0025.png"; bbox 0 0 2846 5018; ppageno 0'>
   <div class='ocr_carea' id='block_1_1' title="bbox 264 460 1324 1410">
    <p class='ocr_par' dir='ltr' id='par_1_1' title="bbox 264 460 1404 1410">
     <span class='ocr_line' id='line_1_1' title="bbox 264 460 1324 550; baseline 0.011 -28"><span class='ocrx_word' id='word_1_1' title='bbox 264 461 440 524; x_wconf 75' lang='lat' dir='ltr'><strong>seetttttlttm</strong></span> <span class='ocrx_word' id='word_1_2' title='bbox 466 460 678 550; x_wconf 75' lang='lat' dir='ltr'><strong>principium:</strong></span> <span class='ocrx_word' id='word_1_3' title='bbox 704 476 811 534; x_wconf 67' lang='lat' dir='ltr'><strong>sparus</strong></span> <span class='ocrx_word' id='word_1_4' title='bbox 836 469 896 524; x_wconf 75' lang='lat' dir='ltr'><strong>eois</strong></span> <span class='ocrx_word' id='word_1_5' title='bbox 920 468 1035 540; x_wconf 74' lang='grc' dir='ltr'><strong><em>ᾰρῤιναι</em></strong></span> <span class='ocrx_word' id='word_1_6' title='bbox 1061 477 1106 524; x_wconf 78' lang='grc' dir='ltr'><strong>καὶ</strong></span> <span class='ocrx_word' id='word_1_7' title='bbox 1129 475 1191 532; x_wconf 74' lang='grc' dir='ltr'><strong>τούς</strong></span> <span class='ocrx_word' id='word_1_8' title='bbox 1213 483 1241 530; x_wconf 73' lang='grc' dir='ltr'><strong>ἐκ</strong></span> <span class='ocrx_word' id='word_1_9' title='bbox 1260 489 1324 534; x_wconf 81' lang='grc' dir='ltr'><strong>τῶν</strong></span> 
     </span>
     <span class='ocr_line' id='line_1_2' title="bbox 265 565 1320 656; baseline 0.021 -29"><span class='ocrx_word' id='word_1_10' title='bbox 265 565 388 637; x_wconf 71' lang='grc' dir='ltr'><strong><em>ἀῤῥένων</em></strong></span> <span class='ocrx_word' id='word_1_11' title='bbox 405 567 615 650; x_wconf 71' lang='lat' dir='ltr'><strong>propioribus</strong></span> <span class='ocrx_word' id='word_1_12' title='bbox 632 570 698 640; x_wconf 72' lang='lat' dir='ltr'><strong>unis</strong></span> <span class='ocrx_word' id='word_1_13' title='bbox 714 573 818 643; x_wconf 67' lang='lat' dir='ltr'><strong>unvair</strong></span> <span class='ocrx_word' id='word_1_14' title='bbox 835 575 1043 656; x_wconf 78' lang='lat' dir='ltr'><strong>praeferendi</strong></span> <span class='ocrx_word' id='word_1_15' title='bbox 1064 593 1178 654; x_wconf 86' lang='lat' dir='ltr'><strong>esseut,</strong></span> <span class='ocrx_word' id='word_1_16' title='bbox 1201 595 1234 645; x_wconf 90' lang='lat' dir='ltr'><strong>et</strong></span> <span class='ocrx_word' id='word_1_17' title='bbox 1248 587 1320 649; x_wconf 91' lang='lat' dir='ltr'><strong>hoc</strong></span> 
     </span>
     <span class='ocr_line' id='line_1_3' title="bbox 266 671 1322 760; baseline 0.021 -27"><span class='ocrx_word' id='word_1_18' title='bbox 266 671 481 760; x_wconf 85' lang='lat' dir='ltr'><strong>principium:</strong></span> <span class='ocrx_word' id='word_1_19' title='bbox 502 685 609 744; x_wconf 72' lang='lat' dir='ltr'><strong>sparso</strong></span> <span class='ocrx_word' id='word_1_20' title='bbox 626 677 688 732; x_wconf 68' lang='lat' dir='ltr'><strong>sous</strong></span> <span class='ocrx_word' id='word_1_21' title='bbox 704 673 818 748; x_wconf 65' lang='grc' dir='ltr'><strong><em>ἇρῥνναν</em></strong></span> <span class='ocrx_word' id='word_1_22' title='bbox 836 701 862 737; x_wconf 76' lang='lat' dir='ltr'><strong>u.</strong></span> <span class='ocrx_word' id='word_1_23' title='bbox 881 701 906 736; x_wconf 67' lang='grc' dir='ltr'><strong>τ·</strong></span> <span class='ocrx_word' id='word_1_24' title='bbox 924 683 951 736; x_wconf 74' lang='grc' dir='ltr'><strong>λ·</strong></span> <span class='ocrx_word' id='word_1_25' title='bbox 970 681 1026 746; x_wconf 84' lang='lat' dir='ltr'><strong>uti</strong></span> <span class='ocrx_word' id='word_1_26' title='bbox 1048 684 1235 752; x_wconf 80' lang='lat' dir='ltr'><strong>conditione</strong></span> <span class='ocrx_word' id='word_1_27' title='bbox 1257 691 1322 754; x_wconf 86' lang='lat' dir='ltr'><strong>im-</strong></span> 
     </span>
     <span class='ocr_line' id='line_1_4' title="bbox 266 781 1317 876; baseline 0.014 -32"><span class='ocrx_word' id='word_1_28' title='bbox 266 789 415 846; x_wconf 85' lang='lat' dir='ltr'><strong>mutatur.</strong></span> <span class='ocrx_word' id='word_1_29' title='bbox 445 781 594 866; x_wconf 85' lang='lat' dir='ltr'><strong>Ideoque</strong></span> <span class='ocrx_word' id='word_1_30' title='bbox 619 782 693 865; x_wconf 87' lang='lat' dir='ltr'><strong>lege</strong></span> <span class='ocrx_word' id='word_1_31' title='bbox 720 784 872 848; x_wconf 88' lang='lat' dir='ltr'><strong>constitui</strong></span> <span class='ocrx_word' id='word_1_32' title='bbox 893 787 1047 863; x_wconf 80' lang='lat' dir='ltr'><strong>debebat,</strong></span> <span class='ocrx_word' id='word_1_33' title='bbox 1075 811 1159 876; x_wconf 86' lang='lat' dir='ltr'><strong>quae</strong></span> <span class='ocrx_word' id='word_1_34' title='bbox 1179 792 1317 858; x_wconf 90' lang='lat' dir='ltr'><strong>collate-</strong></span> 
     </span>
     <span class='ocr_line' id='line_1_5' title="bbox 266 885 1320 982; baseline 0.018 -34"><span class='ocrx_word' id='word_1_35' title='bbox 266 885 382 949; x_wconf 88' lang='lat' dir='ltr'><strong>ralium</strong></span> <span class='ocrx_word' id='word_1_36' title='bbox 403 886 469 959; x_wconf 71' lang='grc' dir='ltr'><strong>πρός</strong></span> <span class='ocrx_word' id='word_1_37' title='bbox 486 888 589 958; x_wconf 63' lang='grc' dir='ltr'><em>πατρὸς</em></span> <span class='ocrx_word' id='word_1_38' title='bbox 606 887 689 954; x_wconf 83' lang='lat' dir='ltr'><strong>linea</strong></span> <span class='ocrx_word' id='word_1_39' title='bbox 721 890 829 954; x_wconf 88' lang='lat' dir='ltr'><strong>ultima</strong></span> <span class='ocrx_word' id='word_1_40' title='bbox 857 906 957 968; x_wconf 86' lang='lat' dir='ltr'><strong>esset,</strong></span> <span class='ocrx_word' id='word_1_41' title='bbox 987 908 1019 959; x_wconf 88' lang='lat' dir='ltr'><strong>et</strong></span> <span class='ocrx_word' id='word_1_42' title='bbox 1043 901 1173 982; x_wconf 91' lang='lat' dir='ltr'><strong>quando</strong></span> <span class='ocrx_word' id='word_1_43' title='bbox 1201 903 1320 966; x_wconf 83' lang='lat' dir='ltr'><strong>matris</strong></span> 
     </span>
     <span class='ocr_line' id='line_1_6' title="bbox 266 985 1318 1078; baseline 0.02 -24"><span class='ocrx_word' id='word_1_44' title='bbox 266 991 360 1076; x_wconf 85' lang='lat' dir='ltr'><strong>stirpi</strong></span> <span class='ocrx_word' id='word_1_45' title='bbox 387 993 547 1058; x_wconf 77' lang='lat' dir='ltr'><strong>hereditas</strong></span> <span class='ocrx_word' id='word_1_46' title='bbox 573 993 709 1060; x_wconf 77' lang='lat' dir='ltr'><strong>veniret.</strong></span> <span class='ocrx_word' id='word_1_47' title='bbox 750 997 877 1078; x_wconf 78' lang='lat' dir='ltr'><strong>Quibus</strong></span> <span class='ocrx_word' id='word_1_48' title='bbox 904 1003 1013 1066; x_wconf 87' lang='lat' dir='ltr'><strong>verbis</strong></span> <span class='ocrx_word' id='word_1_49' title='bbox 1047 985 1153 1070; x_wconf 90' lang='lat' dir='ltr'><strong>autem</strong></span> <span class='ocrx_word' id='word_1_50' title='bbox 1180 1009 1318 1076; x_wconf 86' lang='lat' dir='ltr'><strong>minime</strong></span> 
     </span>
     <span class='ocr_line' id='line_1_7' title="bbox 268 1098 1317 1202; baseline 0.02 -42"><span class='ocrx_word' id='word_1_51' title='bbox 268 1098 474 1172; x_wconf 88' lang='lat' dir='ltr'><strong>dictumest,</strong></span> <span class='ocrx_word' id='word_1_52' title='bbox 497 1100 582 1164; x_wconf 89' lang='lat' dir='ltr'><strong>lilios</strong></span> <span class='ocrx_word' id='word_1_53' title='bbox 605 1104 658 1164; x_wconf 89' lang='lat' dir='ltr'><strong>vel</strong></span> <span class='ocrx_word' id='word_1_54' title='bbox 687 1115 821 1185; x_wconf 83' lang='lat' dir='ltr'><strong>nepotes</strong></span> <span class='ocrx_word' id='word_1_55' title='bbox 843 1127 958 1170; x_wconf 86' lang='lat' dir='ltr'><strong>eorum</strong></span> <span class='ocrx_word' id='word_1_56' title='bbox 979 1111 1227 1191; x_wconf 77' lang='lat' dir='ltr'><strong>collateralium,</strong></span> <span class='ocrx_word' id='word_1_57' title='bbox 1254 1119 1317 1202; x_wconf 89' lang='lat' dir='ltr'><strong>qui</strong></span> 
     </span>
     <span class='ocr_line' id='line_1_8' title="bbox 266 1207 1316 1312; baseline 0.018 -43"><span class='ocrx_word' id='word_1_58' title='bbox 266 1209 443 1272; x_wconf 86' lang='lat' dir='ltr'><strong>secundum</strong></span> <span class='ocrx_word' id='word_1_59' title='bbox 471 1207 587 1272; x_wconf 81' lang='lat' dir='ltr'><strong>seriem</strong></span> <span class='ocrx_word' id='word_1_60' title='bbox 620 1209 777 1272; x_wconf 85' lang='lat' dir='ltr'><strong>linearum</strong></span> <span class='ocrx_word' id='word_1_61' title='bbox 804 1213 1017 1280; x_wconf 70' lang='lat' dir='ltr'><strong>hereditatem</strong></span> <span class='ocrx_word' id='word_1_62' title='bbox 1046 1223 1202 1306; x_wconf 87' lang='lat' dir='ltr'><strong>consequi</strong></span> <span class='ocrx_word' id='word_1_63' title='bbox 1234 1247 1316 1312; x_wconf 90' lang='lat' dir='ltr'><strong>pos-</strong></span> 
     </span>
     <span class='ocr_line' id='line_1_9' title="bbox 265 1313 1313 1410; baseline 0.019 -35"><span class='ocrx_word' id='word_1_64' title='bbox 265 1326 351 1388; x_wconf 86' lang='lat' dir='ltr'><strong>sunt,</strong></span> <span class='ocrx_word' id='word_1_65' title='bbox 372 1325 509 1402; x_wconf 90' lang='lat' dir='ltr'><strong>propter</strong></span> <span class='ocrx_word' id='word_1_66' title='bbox 527 1325 666 1378; x_wconf 80' lang='lat' dir='ltr'><strong>mortem</strong></span> <span class='ocrx_word' id='word_1_67' title='bbox 686 1313 786 1398; x_wconf 82' lang='lat' dir='ltr'><strong>patris</strong></span> <span class='ocrx_word' id='word_1_68' title='bbox 810 1319 864 1381; x_wconf 84' lang='lat' dir='ltr'><strong>vel</strong></span> <span class='ocrx_word' id='word_1_69' title='bbox 885 1321 948 1396; x_wconf 84' lang='lat' dir='ltr'><strong>avi,</strong></span> <span class='ocrx_word' id='word_1_70' title='bbox 977 1335 1009 1387; x_wconf 86' lang='lat' dir='ltr'><strong>et</strong></span> <span class='ocrx_word' id='word_1_71' title='bbox 1029 1325 1102 1410; x_wconf 89' lang='lat' dir='ltr'><strong>quia</strong></span> <span class='ocrx_word' id='word_1_72' title='bbox 1125 1329 1190 1392; x_wconf 88' lang='lat' dir='ltr'><strong>hoc</strong></span> <span class='ocrx_word' id='word_1_73' title='bbox 1208 1336 1313 1397; x_wconf 88' lang='lat' dir='ltr'><strong>modo</strong></span> 
     </span>
    </p>
   </div>
   <div class='ocr_carea' id='block_1_2' title="bbox 157 1421 1270 1506">
    <p class='ocr_par' dir='ltr' id='par_1_2' title="bbox 157 1421 1270 1506">
     <span class='ocr_line' id='line_1_10' title="bbox 157 1421 1270 1506; baseline 0.015 -24"><span class='ocrx_word' id='word_1_74' title='bbox 157 1432 161 1440; x_wconf 88' lang='lat'>&#39;</span> <span class='ocrx_word' id='word_1_75' title='bbox 267 1423 368 1506; x_wconf 86' lang='lat' dir='ltr'><strong>gradu</strong></span> <span class='ocrx_word' id='word_1_76' title='bbox 388 1421 582 1485; x_wconf 76' lang='lat' dir='ltr'><strong>remotiores</strong></span> <span class='ocrx_word' id='word_1_77' title='bbox 604 1432 725 1496; x_wconf 81' lang='lat' dir='ltr'><strong>essent,</strong></span> <span class='ocrx_word' id='word_1_78' title='bbox 746 1423 926 1490; x_wconf 88' lang='lat' dir='ltr'><strong>hereditate</strong></span> <span class='ocrx_word' id='word_1_79' title='bbox 947 1432 1163 1496; x_wconf 84' lang='lat' dir='ltr'><strong>excludendos</strong></span> <span class='ocrx_word' id='word_1_80' title='bbox 1185 1457 1270 1500; x_wconf 88' lang='lat' dir='ltr'><strong>esse.</strong></span> 
     </span>
    </p>
   </div>
   <div class='ocr_carea' id='block_1_3' title="bbox 233 1591 1318 2310">
    <p class='ocr_par' dir='ltr' id='par_1_3' title="bbox 265 1591 1310 1688">
     <span class='ocr_line' id='line_1_11' title="bbox 265 1591 1310 1688; baseline 0.012 -33"><span class='ocrx_word' id='word_1_81' title='bbox 265 1621 268 1628; x_wconf 89' lang='lat'>·</span> <span class='ocrx_word' id='word_1_82' title='bbox 347 1595 469 1657; x_wconf 85' lang='lat' dir='ltr'><strong>Eadem</strong></span> <span class='ocrx_word' id='word_1_83' title='bbox 494 1591 575 1676; x_wconf 84' lang='lat' dir='ltr'><strong>legis</strong></span> <span class='ocrx_word' id='word_1_84' title='bbox 602 1591 704 1656; x_wconf 83' lang='lat' dir='ltr'><strong>verba</strong></span> <span class='ocrx_word' id='word_1_85' title='bbox 730 1591 764 1655; x_wconf 88' lang='lat' dir='ltr'><strong>in</strong></span> <span class='ocrx_word' id='word_1_86' title='bbox 785 1594 872 1660; x_wconf 88' lang='lat' dir='ltr'><strong>lsaci</strong></span> <span class='ocrx_word' id='word_1_87' title='bbox 901 1599 1047 1662; x_wconf 91' lang='lat' dir='ltr'><strong>oratione</strong></span> <span class='ocrx_word' id='word_1_88' title='bbox 1070 1603 1111 1666; x_wconf 87' lang='lat' dir='ltr'><strong>de</strong></span> <span class='ocrx_word' id='word_1_89' title='bbox 1132 1606 1215 1688; x_wconf 79' lang='lat' dir='ltr'><strong>Hag.</strong></span> <span class='ocrx_word' id='word_1_90' title='bbox 1237 1608 1310 1670; x_wconf 90' lang='lat' dir='ltr'><strong>her.</strong></span> 
     </span>
    </p>

    <p class='ocr_par' dir='ltr' id='par_1_4' title="bbox 262 1696 1318 2108">
     <span class='ocr_line' id='line_1_12' title="bbox 264 1696 1318 1783; baseline 0.003 -19"><span class='ocrx_word' id='word_1_91' title='bbox 264 1705 338 1766; x_wconf 73' lang='lat'><strong>276.</strong></span> <span class='ocrx_word' id='word_1_92' title='bbox 365 1698 564 1782; x_wconf 83' lang='lat' dir='ltr'><strong>reperimus:</strong></span> <span class='ocrx_word' id='word_1_93' title='bbox 595 1696 641 1752; x_wconf 70' lang='lat' dir='ltr'><strong>tatu</strong></span> <span class='ocrx_word' id='word_1_94' title='bbox 664 1699 692 1754; x_wconf 74' lang='grc' dir='ltr'><strong>δὲ</strong></span> <span class='ocrx_word' id='word_1_95' title='bbox 714 1700 803 1772; x_wconf 74' lang='lat' dir='ltr'><strong>uptus</strong></span> <span class='ocrx_word' id='word_1_96' title='bbox 826 1698 927 1774; x_wconf 68' lang='grc' dir='ltr'><strong>ἤπρὸε</strong></span> <span class='ocrx_word' id='word_1_97' title='bbox 949 1705 1051 1773; x_wconf 77' lang='grc' dir='ltr'><em>πατρὸς</em></span> <span class='ocrx_word' id='word_1_98' title='bbox 1071 1715 1171 1780; x_wconf 68' lang='grc' dir='ltr'><strong><em>μέχρις</em></strong></span> <span class='ocrx_word' id='word_1_99' title='bbox 1194 1713 1318 1783; x_wconf 71' lang='grc' dir='ltr'><strong>ἀνεψιῶν</strong></span> 
     </span>
     <span class='ocr_line' id='line_1_13' title="bbox 263 1802 1311 1878; baseline 0.005 -18"><span class='ocrx_word' id='word_1_100' title='bbox 263 1808 381 1869; x_wconf 68' lang='lat' dir='ltr'><strong>auidior,</strong></span> <span class='ocrx_word' id='word_1_101' title='bbox 398 1804 458 1862; x_wconf 77' lang='grc' dir='ltr'><strong>τούς</strong></span> <span class='ocrx_word' id='word_1_102' title='bbox 475 1805 541 1876; x_wconf 76' lang='grc' dir='ltr'><em>πρὸς</em></span> <span class='ocrx_word' id='word_1_103' title='bbox 556 1802 659 1877; x_wconf 67' lang='grc' dir='ltr'><strong><em>μητρός</em></strong></span> <span class='ocrx_word' id='word_1_104' title='bbox 677 1809 784 1876; x_wconf 81' lang='lat' dir='ltr'><strong>uopiout</strong></span> <span class='ocrx_word' id='word_1_105' title='bbox 801 1805 865 1860; x_wconf 80' lang='lat' dir='ltr'><strong>sirau</strong></span> <span class='ocrx_word' id='word_1_106' title='bbox 884 1806 954 1860; x_wconf 69' lang='lat' dir='ltr'><strong>xero}</strong></span> <span class='ocrx_word' id='word_1_107' title='bbox 970 1805 1006 1862; x_wconf 74' lang='lat' dir='ltr'><strong>roi</strong></span> <span class='ocrx_word' id='word_1_108' title='bbox 1023 1809 1104 1873; x_wconf 72' lang='lat' dir='ltr'><strong>oriani,</strong></span> <span class='ocrx_word' id='word_1_109' title='bbox 1126 1812 1219 1876; x_wconf 73' lang='lat' dir='ltr'><strong>Haec</strong></span> <span class='ocrx_word' id='word_1_110' title='bbox 1238 1839 1311 1878; x_wconf 79' lang='lat' dir='ltr'><strong>om.</strong></span> 
     </span>
     <span class='ocr_line' id='line_1_14' title="bbox 264 1911 1311 2005; baseline 0.011 -30"><span class='ocrx_word' id='word_1_111' title='bbox 264 1911 317 1976; x_wconf 87' lang='lat' dir='ltr'><strong>nia</strong></span> <span class='ocrx_word' id='word_1_112' title='bbox 338 1923 441 1992; x_wconf 80' lang='lat' dir='ltr'><strong>recta3</strong></span> <span class='ocrx_word' id='word_1_113' title='bbox 463 1933 549 1976; x_wconf 76' lang='lat' dir='ltr'><strong>nurus</strong></span> <span class='ocrx_word' id='word_1_114' title='bbox 567 1923 674 1975; x_wconf 77' lang='lat' dir='ltr'><strong>alutem</strong></span> <span class='ocrx_word' id='word_1_115' title='bbox 696 1921 808 1975; x_wconf 85' lang='lat' dir='ltr'><strong>orator</strong></span> <span class='ocrx_word' id='word_1_116' title='bbox 824 1911 926 1975; x_wconf 87' lang='lat' dir='ltr'><strong>statim</strong></span> <span class='ocrx_word' id='word_1_117' title='bbox 943 1913 1050 1977; x_wconf 89' lang='lat' dir='ltr'><strong>omnia</strong></span> <span class='ocrx_word' id='word_1_118' title='bbox 1069 1914 1103 1978; x_wconf 91' lang='lat' dir='ltr'><strong>in</strong></span> <span class='ocrx_word' id='word_1_119' title='bbox 1120 1937 1212 2005; x_wconf 89' lang='lat' dir='ltr'><strong>suum</strong></span> <span class='ocrx_word' id='word_1_120' title='bbox 1229 1945 1311 1986; x_wconf 88' lang='lat' dir='ltr'><strong>con·</strong></span> 
     </span>
     <span class='ocr_line' id='line_1_15' title="bbox 262 2017 1308 2108; baseline 0.009 -25"><span class='ocrx_word' id='word_1_121' title='bbox 262 2019 369 2092; x_wconf 86' lang='lat' dir='ltr'><strong>silium</strong></span> <span class='ocrx_word' id='word_1_122' title='bbox 378 2020 485 2093; x_wconf 82' lang='lat' dir='ltr'><strong>uertit,</strong></span> <span class='ocrx_word' id='word_1_123' title='bbox 506 2018 548 2082; x_wconf 88' lang='lat' dir='ltr'><strong>ita</strong></span> <span class='ocrx_word' id='word_1_124' title='bbox 570 2017 721 2082; x_wconf 87' lang='lat' dir='ltr'><strong>utomnia</strong></span> <span class='ocrx_word' id='word_1_125' title='bbox 741 2019 911 2101; x_wconf 85' lang='lat' dir='ltr'><strong>perturbet</strong></span> <span class='ocrx_word' id='word_1_126' title='bbox 929 2031 961 2083; x_wconf 90' lang='lat' dir='ltr'><strong>et</strong></span> <span class='ocrx_word' id='word_1_127' title='bbox 976 2021 1142 2108; x_wconf 76' lang='lat' dir='ltr'><strong>depravet,</strong></span> <span class='ocrx_word' id='word_1_128' title='bbox 1165 2025 1192 2087; x_wconf 91' lang='lat' dir='ltr'><strong>si</strong></span> <span class='ocrx_word' id='word_1_129' title='bbox 1211 2028 1308 2093; x_wconf 85' lang='lat' dir='ltr'><strong>dicit:</strong></span> 
     </span>
    </p>

    <p class='ocr_par' dir='ltr' id='par_1_5' title="bbox 233 2121 1314 2310">
     <span class='ocr_line' id='line_1_16' title="bbox 261 2121 1311 2202; baseline 0.01 -24"><span class='ocrx_word' id='word_1_130' title='bbox 261 2125 371 2183; x_wconf 74' lang='lat' dir='ltr'><strong>siuodta&#39;s</strong></span> <span class='ocrx_word' id='word_1_131' title='bbox 390 2121 413 2181; x_wconf 84' lang='lat' dir='ltr'><strong>oi</strong></span> <span class='ocrx_word' id='word_1_132' title='bbox 431 2123 530 2196; x_wconf 71' lang='grc' dir='ltr'><strong><em>ἄνδρες,</em></strong></span> <span class='ocrx_word' id='word_1_133' title='bbox 549 2121 591 2178; x_wconf 79' lang='grc' dir='ltr'><strong>ὅτι</strong></span> <span class='ocrx_word' id='word_1_134' title='bbox 610 2124 784 2195; x_wconf 63' lang='grc' dir='ltr'><strong><em>ὁνομοθὲτης</em></strong></span> <span class='ocrx_word' id='word_1_135' title='bbox 806 2124 857 2178; x_wconf 70' lang='lat' dir='ltr'><strong>otiu</strong></span> <span class='ocrx_word' id='word_1_136' title='bbox 875 2121 957 2188; x_wconf 74' lang='lat' dir='ltr'><strong>einer,</strong></span> <span class='ocrx_word' id='word_1_137' title='bbox 975 2125 1022 2180; x_wconf 73' lang='grc' dir='ltr'><strong>ἰὰν</strong></span> <span class='ocrx_word' id='word_1_138' title='bbox 1038 2130 1126 2200; x_wconf 65' lang='grc' dir='ltr'><strong><em>μηδεὶς</em></strong></span> <span class='ocrx_word' id='word_1_139' title='bbox 1144 2126 1161 2198; x_wconf 69' lang='grc' dir='ltr'><em>ᾖ</em></span> <span class='ocrx_word' id='word_1_140' title='bbox 1178 2133 1243 2202; x_wconf 79' lang='grc' dir='ltr'><em>πρὸς</em></span> <span class='ocrx_word' id='word_1_141' title='bbox 1262 2157 1311 2188; x_wconf 81' lang='grc' dir='ltr'><strong>πα-</strong></span> 
     </span>
     <span class='ocr_line' id='line_1_17' title="bbox 233 2217 1314 2310; baseline 0.008 -27"><span class='ocrx_word' id='word_1_142' title='bbox 233 2300 238 2309; x_wconf 41' lang='grc'>.</span> <span class='ocrx_word' id='word_1_143' title='bbox 262 2231 446 2304; x_wconf 22' lang='grc' dir='ltr'>τρὸςλμέχρισ</span> <span class='ocrx_word' id='word_1_144' title='bbox 470 2231 587 2304; x_wconf 72' lang='grc' dir='ltr'><strong>ἀνεψιῶν</strong></span> <span class='ocrx_word' id='word_1_145' title='bbox 612 2231 730 2294; x_wconf 75' lang='grc' dir='ltr'><strong>παίδων,</strong></span> <span class='ocrx_word' id='word_1_146' title='bbox 754 2229 815 2286; x_wconf 72' lang='grc' dir='ltr'><strong>τούς</strong></span> <span class='ocrx_word' id='word_1_147' title='bbox 839 2238 895 2282; x_wconf 78' lang='grc' dir='ltr'><strong>τῶν</strong></span> <span class='ocrx_word' id='word_1_148' title='bbox 920 2217 1166 2302; x_wconf 50' lang='lat' dir='ltr'><strong>sripturarum</strong></span> <span class='ocrx_word' id='word_1_149' title='bbox 1192 2244 1314 2310; x_wconf 77' lang='grc' dir='ltr'><strong><em>κυρίους,</em></strong></span> 
     </span>
    </p>
   </div>
   <div class='ocr_carea' id='block_1_4' title="bbox 234 2334 1174 2408">
    <p class='ocr_par' dir='ltr' id='par_1_6' title="bbox 234 2334 1174 2408">
     <span class='ocr_line' id='line_1_18' title="bbox 234 2334 1174 2408; baseline 0.001 -18"><span class='ocrx_word' id='word_1_150' title='bbox 234 2346 238 2355; x_wconf 93' lang='grc'><strong>“</strong></span> <span class='ocrx_word' id='word_1_151' title='bbox 262 2335 339 2404; x_wconf 67' lang='grc' dir='ltr'><strong>ἀλλά</strong></span> <span class='ocrx_word' id='word_1_152' title='bbox 357 2337 473 2390; x_wconf 73' lang='grc' dir='ltr'><strong>ἀπέδωκε</strong></span> <span class='ocrx_word' id='word_1_153' title='bbox 491 2345 544 2392; x_wconf 77' lang='grc' dir='ltr'><strong><em>τοῖς</em></strong></span> <span class='ocrx_word' id='word_1_154' title='bbox 561 2335 628 2407; x_wconf 82' lang='grc' dir='ltr'><em>πρὸς</em></span> <span class='ocrx_word' id='word_1_155' title='bbox 644 2335 748 2408; x_wconf 70' lang='grc' dir='ltr'><strong><em>μητρὸς</em></strong></span> <span class='ocrx_word' id='word_1_156' title='bbox 765 2334 815 2388; x_wconf 81' lang='grc' dir='ltr'><strong>τοῦ</strong></span> <span class='ocrx_word' id='word_1_157' title='bbox 833 2334 1042 2407; x_wconf 62' lang='grc' dir='ltr'><strong><em>τελευτήσαντος</em></strong></span> <span class='ocrx_word' id='word_1_158' title='bbox 1060 2359 1084 2394; x_wconf 88' lang='grc' dir='ltr'><strong>κ.</strong></span> <span class='ocrx_word' id='word_1_159' title='bbox 1102 2361 1126 2393; x_wconf 81' lang='grc' dir='ltr'><strong>τ.</strong></span> <span class='ocrx_word' id='word_1_160' title='bbox 1144 2341 1174 2397; x_wconf 85' lang='grc' dir='ltr'><strong>λ.</strong></span> 
     </span>
    </p>
   </div>
   <div class='ocr_carea' id='block_1_5' title="bbox 202 2489 1404 3858">
    <p class='ocr_par' dir='ltr' id='par_1_7' title="bbox 202 2489 1404 3858">
     <span class='ocr_line' id='line_1_19' title="bbox 345 2489 1313 2578; baseline 0.006 -24"><span class='ocrx_word' id='word_1_161' title='bbox 345 2490 433 2554; x_wconf 89' lang='lat' dir='ltr'><strong>Finis</strong></span> <span class='ocrx_word' id='word_1_162' title='bbox 459 2489 558 2576; x_wconf 86' lang='lat' dir='ltr'><strong>igitur</strong></span> <span class='ocrx_word' id='word_1_163' title='bbox 584 2489 797 2556; x_wconf 86' lang='lat' dir='ltr'><strong>successionis</strong></span> <span class='ocrx_word' id='word_1_164' title='bbox 824 2489 1001 2554; x_wconf 83' lang='lat' dir='ltr'><strong>seeundum</strong></span> <span class='ocrx_word' id='word_1_165' title='bbox 1027 2493 1106 2578; x_wconf 86' lang='lat' dir='ltr'><strong>legis</strong></span> <span class='ocrx_word' id='word_1_166' title='bbox 1134 2496 1254 2570; x_wconf 85' lang='lat' dir='ltr'><strong>verba,</strong></span> <span class='ocrx_word' id='word_1_167' title='bbox 1276 2511 1313 2561; x_wconf 91' lang='lat' dir='ltr'><strong>ut</strong></span> 
     </span>
     <span class='ocr_line' id='line_1_20' title="bbox 202 2597 1320 2684; baseline -0.006 -17"><span class='ocrx_word' id='word_1_168' title='bbox 202 2659 206 2667; x_wconf 88' lang='grc'>,</span> <span class='ocrx_word' id='word_1_169' title='bbox 264 2600 351 2684; x_wconf 88' lang='lat' dir='ltr'><strong>apud</strong></span> <span class='ocrx_word' id='word_1_170' title='bbox 380 2601 505 2664; x_wconf 87' lang='lat' dir='ltr'><strong>Isaeum</strong></span> <span class='ocrx_word' id='word_1_171' title='bbox 532 2598 667 2684; x_wconf 84' lang='lat' dir='ltr'><strong>legimus</strong></span> <span class='ocrx_word' id='word_1_172' title='bbox 695 2597 889 2680; x_wconf 77' lang='lat' dir='ltr'><strong>(lectionem</strong></span> <span class='ocrx_word' id='word_1_173' title='bbox 916 2597 1002 2662; x_wconf 88' lang='lat' dir='ltr'><strong>onim</strong></span> <span class='ocrx_word' id='word_1_174' title='bbox 1021 2599 1176 2672; x_wconf 76' lang='grc' dir='ltr'><strong><em>α’νιψιάὃων</em></strong></span> <span class='ocrx_word' id='word_1_175' title='bbox 1193 2605 1320 2667; x_wconf 62' lang='grc' dir='ltr'><strong>παίδων,</strong></span> 
     </span>
     <span class='ocr_line' id='line_1_21' title="bbox 263 2705 1309 2790; baseline -0.001 -17"><span class='ocrx_word' id='word_1_176' title='bbox 263 2719 299 2773; x_wconf 89' lang='lat' dir='ltr'><strong>ut</strong></span> <span class='ocrx_word' id='word_1_177' title='bbox 320 2705 448 2770; x_wconf 88' lang='lat' dir='ltr'><strong>codices</strong></span> <span class='ocrx_word' id='word_1_178' title='bbox 475 2707 562 2790; x_wconf 89' lang='lat' dir='ltr'><strong>apud</strong></span> <span class='ocrx_word' id='word_1_179' title='bbox 586 2707 839 2771; x_wconf 85' lang='lat' dir='ltr'><strong>Demosthenem</strong></span> <span class='ocrx_word' id='word_1_180' title='bbox 865 2707 993 2790; x_wconf 82' lang='lat' dir='ltr'><strong>legunt,</strong></span> <span class='ocrx_word' id='word_1_181' title='bbox 1021 2708 1085 2771; x_wconf 89' lang='lat' dir='ltr'><strong>hoc</strong></span> <span class='ocrx_word' id='word_1_182' title='bbox 1105 2711 1206 2772; x_wconf 91' lang='lat' dir='ltr'><strong>modo</strong></span> <span class='ocrx_word' id='word_1_183' title='bbox 1226 2711 1309 2773; x_wconf 86' lang='lat' dir='ltr'><strong>lsaci</strong></span> 
     </span>
     <span class='ocr_line' id='line_1_22' title="bbox 262 2812 1308 2898; baseline -0.002 -22"><span class='ocrx_word' id='word_1_184' title='bbox 262 2815 363 2876; x_wconf 84' lang='lat' dir='ltr'><strong>verba</strong></span> <span class='ocrx_word' id='word_1_185' title='bbox 384 2835 523 2898; x_wconf 89' lang='lat' dir='ltr'><strong>sequens</strong></span> <span class='ocrx_word' id='word_1_186' title='bbox 544 2814 728 2880; x_wconf 81' lang='lat' dir='ltr'><strong>mutandam</strong></span> <span class='ocrx_word' id='word_1_187' title='bbox 749 2833 819 2874; x_wconf 86' lang='lat' dir='ltr'><strong>csse</strong></span> <span class='ocrx_word' id='word_1_188' title='bbox 840 2814 960 2896; x_wconf 85' lang='lat' dir='ltr'><strong>puto),</strong></span> <span class='ocrx_word' id='word_1_189' title='bbox 987 2812 1105 2886; x_wconf 69' lang='grc' dir='ltr'><strong><em>ἀνεψιῶν</em></strong></span> <span class='ocrx_word' id='word_1_190' title='bbox 1124 2815 1217 2878; x_wconf 59' lang='lat' dir='ltr'><strong>nattes,</strong></span> <span class='ocrx_word' id='word_1_191' title='bbox 1235 2837 1308 2876; x_wconf 90' lang='lat' dir='ltr'><strong>cou-</strong></span> 
     </span>
     <span class='ocr_line' id='line_1_23' title="bbox 265 2917 1305 3004; baseline 0.001 -22"><span class='ocrx_word' id='word_1_192' title='bbox 265 2919 473 2993; x_wconf 78' lang='lat' dir='ltr'><strong>sobrinorum</strong></span> <span class='ocrx_word' id='word_1_193' title='bbox 499 2921 558 2984; x_wconf 84' lang='lat' dir='ltr'><strong>filii</strong></span> <span class='ocrx_word' id='word_1_194' title='bbox 585 2932 675 2994; x_wconf 87' lang='lat' dir='ltr'><strong>sunt,</strong></span> <span class='ocrx_word' id='word_1_195' title='bbox 708 2917 742 2982; x_wconf 91' lang='lat' dir='ltr'><strong>id</strong></span> <span class='ocrx_word' id='word_1_196' title='bbox 769 2930 818 2981; x_wconf 89' lang='lat' dir='ltr'><strong>est</strong></span> <span class='ocrx_word' id='word_1_197' title='bbox 844 2940 882 2982; x_wconf 88' lang='lat' dir='ltr'><strong>ea</strong></span> <span class='ocrx_word' id='word_1_198' title='bbox 913 2919 1014 2992; x_wconf 89' lang='lat' dir='ltr'><strong>linea,</strong></span> <span class='ocrx_word' id='word_1_199' title='bbox 1043 2941 1126 3004; x_wconf 88' lang='lat' dir='ltr'><strong>quae</strong></span> <span class='ocrx_word' id='word_1_200' title='bbox 1152 2919 1183 2982; x_wconf 91' lang='lat' dir='ltr'><strong>in</strong></span> <span class='ocrx_word' id='word_1_201' title='bbox 1205 2921 1305 2983; x_wconf 85' lang='lat' dir='ltr'><strong>abavo</strong></span> 
     </span>
     <span class='ocr_line' id='line_1_24' title="bbox 264 3023 1307 3103; baseline -0.002 -13"><span class='ocrx_word' id='word_1_202' title='bbox 264 3049 337 3090; x_wconf 89' lang='lat' dir='ltr'><strong>cum</strong></span> <span class='ocrx_word' id='word_1_203' title='bbox 358 3027 510 3091; x_wconf 82' lang='lat' dir='ltr'><strong>defuncto</strong></span> <span class='ocrx_word' id='word_1_204' title='bbox 532 3026 692 3090; x_wconf 83' lang='lat' dir='ltr'><strong>convenit.</strong></span> <span class='ocrx_word' id='word_1_205' title='bbox 722 3023 805 3089; x_wconf 90' lang='lat' dir='ltr'><strong>Cum</strong></span> <span class='ocrx_word' id='word_1_206' title='bbox 827 3027 1016 3088; x_wconf 82' lang='lat' dir='ltr'><strong>Hermanno</strong></span> <span class='ocrx_word' id='word_1_207' title='bbox 1036 3026 1084 3103; x_wconf 80' lang='lat' dir='ltr'><strong>(in</strong></span> <span class='ocrx_word' id='word_1_208' title='bbox 1105 3026 1307 3102; x_wconf 86' lang='lat' dir='ltr'><strong>recensione)</strong></span> 
     </span>
     <span class='ocr_line' id='line_1_25' title="bbox 263 3111 1309 3219; baseline 0.001 -25"><span class='ocrx_word' id='word_1_209' title='bbox 263 3133 322 3219; x_wconf 73' lang='lat' dir='ltr'><strong>qui</strong></span> <span class='ocrx_word' id='word_1_210' title='bbox 345 3133 461 3206; x_wconf 75' lang='grc' dir='ltr'><strong><em>ἀνεψιῶν</em></strong></span> <span class='ocrx_word' id='word_1_211' title='bbox 478 3135 565 3194; x_wconf 68' lang='grc' dir='ltr'><strong><em>παῖδες</em></strong></span> <span class='ocrx_word' id='word_1_212' title='bbox 580 3133 645 3218; x_wconf 86' lang='lat' dir='ltr'><strong>jam</strong></span> <span class='ocrx_word' id='word_1_213' title='bbox 666 3111 844 3196; x_wconf 78' lang='lat' dir='ltr'><strong>hereditate</strong></span> <span class='ocrx_word' id='word_1_214' title='bbox 865 3132 1018 3206; x_wconf 83' lang='lat' dir='ltr'><strong>excludit,</strong></span> <span class='ocrx_word' id='word_1_215' title='bbox 1040 3133 1224 3198; x_wconf 85' lang='lat' dir='ltr'><strong>consentire</strong></span> <span class='ocrx_word' id='word_1_216' title='bbox 1245 3156 1309 3196; x_wconf 92' lang='lat' dir='ltr'><strong>nou</strong></span> 
     </span>
     <span class='ocr_line' id='line_1_26' title="bbox 264 3237 1308 3326; baseline -0.005 -18"><span class='ocrx_word' id='word_1_217' title='bbox 264 3262 414 3326; x_wconf 86' lang='lat' dir='ltr'><strong>possum,</strong></span> <span class='ocrx_word' id='word_1_218' title='bbox 442 3263 541 3325; x_wconf 89' lang='lat' dir='ltr'><strong>quum</strong></span> <span class='ocrx_word' id='word_1_219' title='bbox 569 3239 639 3303; x_wconf 90' lang='lat' dir='ltr'><strong>talis</strong></span> <span class='ocrx_word' id='word_1_220' title='bbox 664 3237 808 3302; x_wconf 86' lang='lat' dir='ltr'><strong>exclusio</strong></span> <span class='ocrx_word' id='word_1_221' title='bbox 829 3237 862 3302; x_wconf 93' lang='lat' dir='ltr'><strong>in</strong></span> <span class='ocrx_word' id='word_1_222' title='bbox 884 3237 1126 3322; x_wconf 86' lang='lat' dir='ltr'><strong>praepositione</strong></span> <span class='ocrx_word' id='word_1_223' title='bbox 1145 3245 1256 3308; x_wconf 73' lang='grc' dir='ltr'><strong><em>μέχρις,</em></strong></span> <span class='ocrx_word' id='word_1_224' title='bbox 1276 3239 1308 3302; x_wconf 91' lang='lat' dir='ltr'><strong>in</strong></span> 
     </span>
     <span class='ocr_line' id='line_1_27' title="bbox 265 3343 1404 3434; baseline -0.003 -23"><span class='ocrx_word' id='word_1_225' title='bbox 265 3372 329 3434; x_wconf 85' lang='lat' dir='ltr'><strong>qua</strong></span> <span class='ocrx_word' id='word_1_226' title='bbox 355 3349 493 3413; x_wconf 88' lang='lat' dir='ltr'><strong>lortasse</strong></span> <span class='ocrx_word' id='word_1_227' title='bbox 521 3347 634 3432; x_wconf 84' lang='lat' dir='ltr'><strong>quaeri</strong></span> <span class='ocrx_word' id='word_1_228' title='bbox 657 3358 785 3428; x_wconf 90' lang='lat' dir='ltr'><strong>posset,</strong></span> <span class='ocrx_word' id='word_1_229' title='bbox 814 3344 921 3407; x_wconf 86' lang='lat' dir='ltr'><strong>inesse</strong></span> <span class='ocrx_word' id='word_1_230' title='bbox 948 3344 1026 3408; x_wconf 91' lang='lat' dir='ltr'><strong>mihi</strong></span> <span class='ocrx_word' id='word_1_231' title='bbox 1054 3367 1120 3408; x_wconf 91' lang='lat' dir='ltr'><strong>non</strong></span> <span class='ocrx_word' id='word_1_232' title='bbox 1149 3343 1307 3410; x_wconf 85' lang='lat' dir='ltr'><strong>videatur.</strong></span> <span class='ocrx_word' id='word_1_233' title='bbox 1403 3421 1404 3428; x_wconf 8' lang='grc' dir='ltr'>ἵ</span> 
     </span>
     <span class='ocr_line' id='line_1_28' title="bbox 265 3450 1307 3540; baseline -0.004 -22"><span class='ocrx_word' id='word_1_234' title='bbox 265 3456 354 3532; x_wconf 83' lang='lat' dir='ltr'><strong>Alias</strong></span> <span class='ocrx_word' id='word_1_235' title='bbox 381 3476 514 3540; x_wconf 82' lang='lat' dir='ltr'><strong>quoque</strong></span> <span class='ocrx_word' id='word_1_236' title='bbox 541 3475 651 3518; x_wconf 82' lang='lat' dir='ltr'><strong>causas</strong></span> <span class='ocrx_word' id='word_1_237' title='bbox 680 3451 776 3536; x_wconf 80' lang='lat' dir='ltr'><strong>hujus</strong></span> <span class='ocrx_word' id='word_1_238' title='bbox 796 3451 896 3515; x_wconf 89' lang='lat' dir='ltr'><strong>mirac</strong></span> <span class='ocrx_word' id='word_1_239' title='bbox 917 3450 1083 3538; x_wconf 86' lang='lat' dir='ltr'><strong>opinionis</strong></span> <span class='ocrx_word' id='word_1_240' title='bbox 1105 3453 1307 3516; x_wconf 86' lang='lat' dir='ltr'><strong>Hermanuus</strong></span> 
     </span>
     <span class='ocr_line' id='line_1_29' title="bbox 267 3556 1307 3645; baseline -0.004 -19"><span class='ocrx_word' id='word_1_241' title='bbox 267 3585 457 3626; x_wconf 88' lang='lat' dir='ltr'><strong>enumerare</strong></span> <span class='ocrx_word' id='word_1_242' title='bbox 485 3563 607 3637; x_wconf 89' lang='lat' dir='ltr'><strong>studet,</strong></span> <span class='ocrx_word' id='word_1_243' title='bbox 636 3581 717 3644; x_wconf 88' lang='lat' dir='ltr'><strong>quas</strong></span> <span class='ocrx_word' id='word_1_244' title='bbox 743 3570 848 3622; x_wconf 89' lang='lat' dir='ltr'><strong>autem</strong></span> <span class='ocrx_word' id='word_1_245' title='bbox 873 3556 938 3640; x_wconf 72' lang='lat' dir='ltr'><strong>jam</strong></span> <span class='ocrx_word' id='word_1_246' title='bbox 965 3571 1142 3645; x_wconf 87' lang='lat' dir='ltr'><strong>propterea</strong></span> <span class='ocrx_word' id='word_1_247' title='bbox 1170 3561 1307 3640; x_wconf 83' lang='lat' dir='ltr'><strong>probare</strong></span> 
     </span>
     <span class='ocr_line' id='line_1_30' title="bbox 265 3665 1306 3752; baseline -0.004 -20"><span class='ocrx_word' id='word_1_248' title='bbox 265 3693 331 3734; x_wconf 89' lang='lat' dir='ltr'><strong>non</strong></span> <span class='ocrx_word' id='word_1_249' title='bbox 352 3691 502 3752; x_wconf 89' lang='lat' dir='ltr'><strong>possum,</strong></span> <span class='ocrx_word' id='word_1_250' title='bbox 530 3667 605 3752; x_wconf 90' lang='lat' dir='ltr'><strong>quia</strong></span> <span class='ocrx_word' id='word_1_251' title='bbox 626 3679 658 3730; x_wconf 87' lang='lat' dir='ltr'><strong>et</strong></span> <span class='ocrx_word' id='word_1_252' title='bbox 677 3665 710 3728; x_wconf 92' lang='lat' dir='ltr'><strong>iu</strong></span> <span class='ocrx_word' id='word_1_253' title='bbox 732 3667 951 3728; x_wconf 83' lang='lat' dir='ltr'><strong>Demosthene</strong></span> <span class='ocrx_word' id='word_1_254' title='bbox 979 3667 1053 3727; x_wconf 87' lang='lat' dir='ltr'><strong>adv.</strong></span> <span class='ocrx_word' id='word_1_255' title='bbox 1074 3667 1209 3730; x_wconf 88' lang='lat' dir='ltr'><strong>Macart.</strong></span> <span class='ocrx_word' id='word_1_256' title='bbox 1225 3676 1257 3728; x_wconf 89' lang='lat' dir='ltr'><strong>et</strong></span> <span class='ocrx_word' id='word_1_257' title='bbox 1274 3665 1306 3728; x_wconf 89' lang='lat' dir='ltr'><strong>iu</strong></span> 
     </span>
     <span class='ocr_line' id='line_1_31' title="bbox 264 3771 1306 3858; baseline -0.004 -18"><span class='ocrx_word' id='word_1_258' title='bbox 264 3778 359 3840; x_wconf 84' lang='lat' dir='ltr'><strong>Isaeo</strong></span> <span class='ocrx_word' id='word_1_259' title='bbox 381 3777 421 3838; x_wconf 88' lang='lat' dir='ltr'><strong>de</strong></span> <span class='ocrx_word' id='word_1_260' title='bbox 441 3779 524 3858; x_wconf 85' lang='lat' dir='ltr'><strong>Hag.</strong></span> <span class='ocrx_word' id='word_1_261' title='bbox 546 3775 659 3838; x_wconf 84' lang='lat' dir='ltr'><strong>hered.</strong></span> <span class='ocrx_word' id='word_1_262' title='bbox 680 3785 846 3845; x_wconf 84' lang='lat' dir='ltr'><strong>narratur,</strong></span> <span class='ocrx_word' id='word_1_263' title='bbox 868 3774 1134 3854; x_wconf 89' lang='lat' dir='ltr'><strong>Theopompum,</strong></span> <span class='ocrx_word' id='word_1_264' title='bbox 1157 3771 1214 3856; x_wconf 88' lang='lat' dir='ltr'><strong>qui</strong></span> <span class='ocrx_word' id='word_1_265' title='bbox 1238 3793 1306 3836; x_wconf 77' lang='lat' dir='ltr'><strong>cram</strong></span> 
     </span>
    </p>
   </div>
   <div class='ocr_carea' id='block_1_6' title="bbox 164 3877 1306 3964">
    <p class='ocr_par' dir='ltr' id='par_1_8' title="bbox 164 3877 1306 3964">
     <span class='ocr_line' id='line_1_32' title="bbox 164 3877 1306 3964; baseline -0.011 -17"><span class='ocrx_word' id='word_1_266' title='bbox 164 3889 166 3894; x_wconf 85' lang='lat'>&#39;</span> <span class='ocrx_word' id='word_1_267' title='bbox 264 3881 390 3964; x_wconf 83' lang='lat' dir='ltr'><strong>Hagnia</strong></span> <span class='ocrx_word' id='word_1_268' title='bbox 419 3883 572 3944; x_wconf 86' lang='lat' dir='ltr'><strong>defuncto</strong></span> <span class='ocrx_word' id='word_1_269' title='bbox 605 3878 794 3951; x_wconf 67' lang='lat' dir='ltr'><strong>consobrini</strong></span> <span class='ocrx_word' id='word_1_270' title='bbox 824 3877 911 3940; x_wconf 83' lang='lat' dir='ltr'><strong>filius</strong></span> <span class='ocrx_word' id='word_1_271' title='bbox 942 3891 1006 3951; x_wconf 88' lang='lat' dir='ltr'><strong>cst,</strong></span> <span class='ocrx_word' id='word_1_272' title='bbox 1033 3881 1095 3936; x_wconf 72' lang='grc' dir='ltr'><strong>ιούς</strong></span> <span class='ocrx_word' id='word_1_273' title='bbox 1120 3879 1186 3950; x_wconf 74' lang='grc' dir='ltr'><strong>πρὸς</strong></span> <span class='ocrx_word' id='word_1_274' title='bbox 1207 3877 1306 3950; x_wconf 64' lang='grc' dir='ltr'><strong><em>μητρός</em></strong></span> 
     </span>
    </p>
   </div>
   <div class='ocr_carea' id='block_1_7' title="bbox 263 3981 1305 4286">
    <p class='ocr_par' dir='ltr' id='par_1_9' title="bbox 263 3981 1305 4286">
     <span class='ocr_line' id='line_1_33' title="bbox 263 3981 1305 4072; baseline -0.006 -20"><span class='ocrx_word' id='word_1_275' title='bbox 263 3989 415 4072; x_wconf 80' lang='lat' dir='ltr'><strong>Hagniae</strong></span> <span class='ocrx_word' id='word_1_276' title='bbox 431 3987 544 4070; x_wconf 89' lang='lat' dir='ltr'><strong>priore</strong></span> <span class='ocrx_word' id='word_1_277' title='bbox 571 3981 664 4069; x_wconf 85' lang='lat' dir='ltr'><strong>parte</strong></span> <span class='ocrx_word' id='word_1_278' title='bbox 692 3984 788 4068; x_wconf 67' lang='lat' dir='ltr'><strong>hujus</strong></span> <span class='ocrx_word' id='word_1_279' title='bbox 808 3985 870 4048; x_wconf 80' lang='lat' dir='ltr'><strong>tius</strong></span> <span class='ocrx_word' id='word_1_280' title='bbox 899 3984 1042 4050; x_wconf 78' lang='lat' dir='ltr'><strong>uicisse..</strong></span> <span class='ocrx_word' id='word_1_281' title='bbox 1066 3987 1100 4060; x_wconf 85' lang='lat' dir='ltr'><strong>Si</strong></span> <span class='ocrx_word' id='word_1_282' title='bbox 1120 3984 1220 4067; x_wconf 83' lang='lat' dir='ltr'><strong>igitur</strong></span> <span class='ocrx_word' id='word_1_283' title='bbox 1239 4005 1305 4048; x_wconf 82' lang='lat' dir='ltr'><strong>suc·</strong></span> 
     </span>
     <span class='ocr_line' id='line_1_34' title="bbox 265 4089 1305 4178; baseline 0.002 -20"><span class='ocrx_word' id='word_1_284' title='bbox 265 4097 402 4158; x_wconf 86' lang='lat' dir='ltr'><strong>cedendi</strong></span> <span class='ocrx_word' id='word_1_285' title='bbox 417 4094 468 4178; x_wconf 82' lang='lat' dir='ltr'><strong>jus</strong></span> <span class='ocrx_word' id='word_1_286' title='bbox 482 4097 521 4158; x_wconf 90' lang='lat' dir='ltr'><strong>ad</strong></span> <span class='ocrx_word' id='word_1_287' title='bbox 542 4097 626 4158; x_wconf 90' lang='lat' dir='ltr'><strong>hanc</strong></span> <span class='ocrx_word' id='word_1_288' title='bbox 643 4093 760 4158; x_wconf 77' lang='lat' dir='ltr'><strong>lineam</strong></span> <span class='ocrx_word' id='word_1_289' title='bbox 781 4113 851 4155; x_wconf 88' lang='lat' dir='ltr'><strong>nou·</strong></span> <span class='ocrx_word' id='word_1_290' title='bbox 863 4093 1063 4166; x_wconf 78' lang='lat' dir='ltr'><strong>conveniret,</strong></span> <span class='ocrx_word' id='word_1_291' title='bbox 1081 4096 1107 4144; x_wconf 69' lang='grc' dir='ltr'><strong>οἱ</strong></span> <span class='ocrx_word' id='word_1_292' title='bbox 1124 4091 1190 4160; x_wconf 70' lang='grc' dir='ltr'><strong>νψόν</strong></span> <span class='ocrx_word' id='word_1_293' title='bbox 1207 4089 1305 4162; x_wconf 52' lang='lat' dir='ltr'><strong>eutr&amp;</strong></span> 
     </span>
     <span class='ocr_line' id='line_1_35' title="bbox 265 4197 1013 4286; baseline -0.003 -19"><span class='ocrx_word' id='word_1_294' title='bbox 265 4205 481 4286; x_wconf 84' lang='lat' dir='ltr'><strong>Theopompo</strong></span> <span class='ocrx_word' id='word_1_295' title='bbox 504 4202 572 4266; x_wconf 88' lang='lat' dir='ltr'><strong>sino</strong></span> <span class='ocrx_word' id='word_1_296' title='bbox 595 4199 693 4264; x_wconf 87' lang='lat' dir='ltr'><strong>dubio</strong></span> <span class='ocrx_word' id='word_1_297' title='bbox 715 4197 846 4284; x_wconf 74' lang='lat' dir='ltr'><strong>pucati</strong></span> <span class='ocrx_word' id='word_1_298' title='bbox 868 4197 1013 4268; x_wconf 85' lang='lat' dir='ltr'><strong>luissent.</strong></span> 
     </span>
    </p>
   </div>
   <div class='ocr_carea' id='block_1_8' title="bbox 0 0 1428 5018">
    <p class='ocr_par' dir='ltr' id='par_1_10' title="bbox 0 0 1428 5018">
     <span class='ocr_line' id='line_1_36' title="bbox 0 0 1428 5018; baseline 0 0"><span class='ocrx_word' id='word_1_299' title='bbox 0 0 1428 5018; x_wconf 95' lang='lat' dir='ltr'><strong> </strong></span> 
     </span>
    </p>
   </div>
  </div>
 </body>
</html>
