2846 5018
500 377 743 450 ..13-

184 533 358 598 IV·=Nunc
383 537 533 614 quartum
559 525 756 610 principium
792 524 1031 598 constituimus,
1061 526 1177 608 quot
1275 533 1281 553 ⁴

101 642 135 704 in
157 615 266 703 verbis
287 638 419 723 quidem
447 647 579 699 nostrae
606 633 686 716 legis
707 633 865 707 (Macart
888 635 994 711 tuus)
1016 623 1151 720 expres·

105 771 175 812 sum
197 770 262 812 non
284 758 343 820 est,
365 756 498 807 attamen
511 740 756 806 Atheniensium
775 738 856 821 juris
875 739 1063 802 hereditarii
1087 737 1153 830 jum

101 869 214 921 natium
241 867 274 918 et
295 855 400 916 adhuc
427 851 519 915 dictis
541 849 669 912 nititurt
700 849 885 921 Mulieres,
913 849 1036 929 quibus
1061 847 1154 908 here-

105 967 196 1026 ditas
216 963 403 1024 secundum
426 959 614 1042 legitimam
634 956 879 1018 successionem
904 954 1059 1025 obvenit,
1082 971 1154 1015 non

103 1075 141 1134 in
162 1091 265 1132 omne
283 1070 375 1129 vitoe
402 1075 537 1146 tempus
559 1061 780 1126 hereditatem
798 1061 972 1142 possident
980 1063 997 1143 ,1
1015 1061 1073 1120 sed
1093 1059 1154 1120 oio

105 1187 245 1240 tontum
266 1183 361 1245 sunt,
389 1195 458 1256 quo
476 1173 644 1235 hereditas
665 1189 769 1250 quom
798 1169 976 1230 celerrime
994 1168 1040 1228 od
1062 1167 1158 1226 viros

105 1285 230 1345 iterum
264 1278 507 1366 transferatur.
548 1278 716 1340 Demosth.
745 1277 817 1337 adv.
851 1273 962 1362 Steph.
988 1274 1026 1337 Β.
1057 1250 1166 1335 stus?

104 1393 150 1466 aql
167 1387 213 1440 loir
229 1388 258 1446 ἐξ
275 1387 426 1456 ἐπικλήρου
443 1403 480 1438 τις
497 1376 607 1452 pleps-ns
627 1385 670 1433 καὶ
695 1377 755 1446 ἅμα
773 1381 864 1450 ἡβήσῃ
883 1385 922 1434 ἐπὶ
939 1380 1027 1440 δίετες,
1051 1390 1159 1448 κρατεῖν

105 1499 163 1546 τῶν
179 1493 354 1564 χρημάτων,
379 1488 429 1541 τὸν
446 1488 475 1540 δὲ
498 1495 572 1540 σῖτον
589 1494 694 1556 μετρεῖν
711 1483 746 1552 spi
767 1490 862 1555 μητρὶ.
895 1485 1003 1547 Isaeus
1024 1487 1065 1546 de
1087 1485 1156 1549 Cir,

106 1599 222 1661 hered.
252 1602 324 1659 195.
347 1599 422 1658 2⁰6.
442 1599 503 1658 ‘tto
526 1605 586 1658 etc.
618 1594 701 1655 Hoc.
724 1590 887 1674 principio
915 1591 1029 1654 nititur
1055 1603 1157 1655 totum

106 1704 286 1766 institutum
312 1701 450 1768 filiarum
478 1699 764 1774 hereditariarurn,
792 1702 833 1764 de
863 1699 981 1784 quibus
1002 1698 1088 1761 inira
1109 1701 1156 1760 di-

110 1811 247 1872 cendum
269 1819 326 1871 est.

191 1915 384 2000 Priusquam
405 1927 511 1978 etitem
533 1935 572 1977 ex
593 1912 765 2004 principiis
785 1915 890 1976 adhue
912 1911 1094 1994 explicatis,
1123 1923 1158 1974 ut

109 2019 153 2083 ita
182 2021 302 2092 dicam,
330 2018 543 2083 successionis
577 2015 760 2078 aedificium
791 2029 959 2080 exstruere
986 2021 1158 2090 studemus,

110 2128 264 2188 nonnulla
293 2126 335 2186 (le
361 2123 471 2186 verbis
493 2123 578 2183 οἰκος,
600 2127 673 2191 γένος
691 2131 724 2183 et
744 2120 907 2190 ἀγχιστεία,
933 2143 1016 2206 quoe
1029 2113 1160 2208 'saepis-

111 2232 194 2294 sime
214 2231 300 2312 apud
321 2240 468 2292 oratores
490 2225 584 2290 nobis
616 2236 812 2298 occurrunt,
833 2224 968 2290 dicenda
991 2239 1073 2292 sunt.
1147 2281 1151 2289 .

195 2339 373 2419 Hucusque
399 2335 536 2398 verbum
563 2331 642 2405 otum,
666 2333 756 2416 quod
783 2330 870 2396 inter
895 2331 949 2394 illa
974 2333 1035 2396 tria
1063 2338 1163 2399 modo

114 2443 279 2506 nominata
300 2463 376 2505 sane
397 2440 582 2525 saepissime
603 2439 698 2502 nobis
721 2438 870 2513 obvenit,
892 2442 940 2504 tot
960 2440 1164 2506 definitiones

89 2550 199 2612 «inter
219 2571 255 2611 se
276 2547 455 2612 contrarias
478 2545 620 2634 aceepit,
648 2548 739 2631 quod
761 2545 908 2609 homines
932 2547 1019 2610 docti
1040 2549 1082 2612 de
1103 2552 1164 2614 hac

113 2655 380 2737 rescripserunt.
416 2655 563 2736 Quietum
590 2651 814 2716 definitionum
842 2652 923 2714 aliae
949 2675 1061 2737 magna
1089 2658 1163 2720 sub·

116 2759 228 2823 tilitate
248 2783 427 2846 magnaque
454 2762 602 2824 locorum
625 2759 720 2841 copia
742 2759 915 2822 illustratae
934 2773 1024 2835 erint,
1046 2774 1082 2824 ut
1099 2761 1165 2838 illa,

116 2887 212 2950 quum
233 2869 400 2932 Platnerus
431 2867 483 2947 (in
506 2867 682 2934 Annalibus
707 2867 1039 2951 Heidellrergensibus
1061 2875 1164 2952 1814)

117 2973 264 3061 scripsit3
291 2975 371 3040 aliae
391 2985 496 3037 autem
516 2975 586 3038 sine
608 2975 673 3038 ulla
700 2993 794 3038 causa
815 2973 972 3036 interiore
991 2992 1166 3062 propterea

117 3089 240 3142 tantum
266 3079 368 3144 factae
395 3080 561 3154 videntur,
584 3091 627 3165 ut
657 3079 698 3142 de
730 3082 790 3143 hac
817 3102 853 3143 re
885 3101 1019 3165 quoque
1044 3085 1166 3169 aliquid

118 3183 254 3249 dicatur.
292 3186 461 3270 Ejusmodi
483 3200 530 3251 est
550 3187 705 3250 Bunsenii
727 3186 890 3250 delinitio:
919 3188 1049 3262 „Domo
1071 3213 1166 3279 prae·

118 3301 171 3353 ter
195 3291 295 3374 ipsius
323 3293 414 3376 cujus
441 3305 490 3358 est
515 3294 616 3368 filios,
645 3305 798 3378 nepotes,
825 3306 1112 3383 pronepotesque,
1135 3313 1166 3364 et

120 3397 221 3470 silias,
247 3401 360 3482 neptes
381 3413 477 3485 atque
499 3411 692 3490 proneptes,
719 3402 860 3484 primum
887 3413 1052 3484 parentes,
1075 3418 1167 3487 pater

121 3513 154 3565 et
174 3516 289 3578 mater,
310 3517 343 3570 et
362 3507 403 3570 ab
419 3507 458 3570 iis
476 3507 607 3571 oriundi
627 3509 755 3580 fratres,
777 3527 976 3591 sororesque
994 3529 1066 3571 cum
1086 3511 1167 3574 libe·

119 3609 177 3682 ris,
200 3612 318 3674 deinde
339 3635 381 3676 ex
403 3614 462 3678 aei·
477 3627 574 3699 atque
595 3613 688 3676 aviae
709 3613 811 3697 stirpe
830 3634 848 3674 a
865 3625 981 3695 petrino
997 3617 1166 3701 amiteque,

120 3719 174 3777 vel
193 3723 354 3784 serraculo
374 3733 608 3806 materteraque
631 3714 805 3808 procreati,
827 3721 1025 3797 consobrini,
1048 3747 1166 3789 conso·

121 3823 300 3911 brinaeque
320 3849 394 3892 curn
414 3829 525 3894 liberis
542 3830 895 3911 comp1·ehend11ntur.“
922 3829 1026 3892 Unam
1047 3842 1166 3896 tantum

122 3929 301 3997 orationem
328 3936 555 4000 hereditariam
576 3936 604 4000 si
624 3936 758 4019 legaris,
786 3934 851 4018 jam
876 3935 946 3998 talis
968 3937 1165 4002 delinitionis

120 4034 291 4103 mitatem
311 4041 480 4126 intelliges.
517 4045 721 4106 Hermannus
742 4041 794 4119 (in
814 4048 959 4120 recens.)
979 4045 1167 4108 sententiam

122 4140 156 4203 in
178 4145 286 4208 medio
306 4148 435 4230 posuit,
456 4149 556 4212 verba
577 4161 612 4211 ut
632 4145 716 4210 οἶκος,
739 4153 812 4220 ploos
827 4159 887 4212 etc.
907 4149 1068 4213 laxitatem
1088 4171 1170 4235 quo·

122 4247 234 4312 tidinni
256 4256 412 4322 sermonis
433 4241 667 4355 trstis‘haliire,
695 4277 797 4340 eaque
821 4254 958 4338 juridica
979 4257 1167 4322 definitione
