2846 5018
491 365 733 434 ...ss-

86 523 255 607 passinus
303 594 308 603 Ι
349 510 473 598 pultem
498 531 563 576 non
584 509 762 590 accepisse,
789 508 981 572 nedfratres
1003 533 1063 592 pro
1086 511 1123 573 iis
1221 541 1222 546 ¹

87 629 258 722 pecuniam
320 625 508 695 ministrare,
529 623 633 686 danea
654 641 706 682 eas
728 619 928 694 elocent„et
948 621 1125 688 tuuclmuc
1167 611 1169 618 ’

86 753 208 823 panem
227 731 326 821 ¹quasi
354 732 461 792 dotem
488 727 526 790 iis
546 726 751 810 persoluere,
782 745 831 786 eo·
846 724 990 787 reliuare
1010 747 1123 806 possu-

84 869 172 922 mus,
199 844 273 928 quia
293 841 400 922 plures
428 835 496 900 loci
520 835 733 904 coadunent,
762 831 845 894 dotis
873 832 1122 914 magnitudinem

85 977 126 1018 ex
147 947 280 1016 arbitrio
301 943 381 1028 ejus,
401 943 457 1027 qui
477 964 547 1006 eam
560 944 623 1014 dat,
645 941 798 1022 pendere.
828 938 882 1002 Sic
902 943 987 1022 apud
999 943 1124 1006 Isaeum

90 1061 131 1125 de
152 1053 270 1136 Pyrrhi
290 1051 401 1116 hered.
417 1055 469 1116 32.
485 1048 631 1132 legimus,
652 1046 786 1128 nuptias,
809 1067 886 1129 quius
908 1047 979 1131 quis
1000 1060 1124 1110 temere

83 1164 224 1254 iniisset,
246 1181 320 1231 eos,
341 1157 397 1242 qui
418 1159 526 1220 dotem
548 1156 639 1224 dant,
661 1175 756 1236 qttam
775 1155 910 1216 maxima
937 1157 1012 1218 dote
1033 1177 1125 1238 prae·

84 1268 210 1332 mrrnire
236 1265 404 1331 studuisse.
440 1261 538 1341 Quod
568 1269 672 1322 autem
701 1259 775 1320 fieri
804 1282 868 1322 nou
897 1261 1068 1341 potuisset,
1097 1263 1124 1324 si

85 1399 180 1461 quem
199 1386 320 1440 certam
341 1382 464 1453 partem
484 1369 586 1430 frater
599 1365 706 1429 sorori
721 1369 797 1430 (lare
819 1368 994 1430 debuisset.
1022 1369 1124 1452 Igitur

84 1505 149 1546 non
169 1495 357 1566 possumus,
388 1475 465 1558 quin
488 1472 581 1536 etiam
607 1471 640 1534 in
662 1473 709 1536 his
731 1475 938 1538 isneiuerbis
965 1474 1044 1556 legis
1068 1478 1124 1538 ‹le-

84 1585 303 1666 pravationem
331 1581 558 1664 intelligamus,
589 1590 621 1640 et
647 1578 778 1662 quidem
807 1579 876 1663 ejus
904 1580 1000 1662 legia,
1028 1603 1123 1667 quam

83 1693 192 1752 leacus
210 1691 243 1750 in
265 1685 659 1771 praecedentibus-verbis
679 1687 808 1760 recitat,
838 1709 970 1751 sorores
993 1711 1065 1754 cum
1086 1692 1122 1752 li·

85 1792 172 1884 betis
187 1816 350 1858 sororum
376 1805 573 1856 mortuarum
607 1793 692 1855 bona
717 1794 838 1875 pariter
865 1794 948 1858 inter
974 1819 1009 1860 se
1040 1799 1120 1862 divi-

76 1893 179 1978 ‘sisse3
202 1903 242 1964 de
264 1923 325 1985 qua
347 1901 430 1962 inira
449 1902 630 1983 loquemur.

164 2013 193 2070 2.
215 2009 309 2070 Nunc
329 2005 474 2086 sequitur
493 2027 531 2064 ee
552 2005 646 2106 liperi,
667 2025 748 2084 quae
769 2005 912 2086 longius,
934 2029 1031 2090 quam
1053 2035 1120 2074 om-

83 2133 140 2174 nes
162 2123 299 2182 ceterae,
319 2130 380 2190 per
394 2107 484 2170 viros
506 2106 579 2168 duci
595 2118 710 2192 potest.
732 2111 813 2170 Tum
835 2131 883 2180 ea,
904 2111 935 2172 in
955 2135 1016 2195 qua
1033 2119 1121 2196 prius

83 2237 179 2298 quam
206 2214 239 2277 in
261 2215 473 2296 praecedente
500 2212 616 2274 mulier
642 2213 735 2275 nobis
757 2215 908 2276 occurrit.
945 2219 1046 2282 Linea'
1076 2229 1122 2286 ul.

82 2323 156 2383 tima
178 2320 275 2403 igitur
295 2341 332 2382 ea
352 2340 423 2382 esse
445 2319 553 2392 debet,
574 2319 607 2382 in
626 2303 777 2404 quiajam
799 2323 983 2387 delimctum
1002 2330 1119 2393 mulier
1152 2314 1153 2318 Ἰ

82 2427 238 2510 sequitur,
259 2426 368 2498 idest,
390 2425 415 2486 si
436 2436 526 2506 patre
547 2437 676 2488 mortuo
696 2425 895 2527 silia‘tantum
916 2431 1119 2518 relinquitur.

80 2535 169 2597 Talis
193 2532 270 2608 filia,
293 2532 346 2596 cui
366 2543 430 2596 tota
446 2533 606 2594 hereditas
622 2533 808 2606 obvenerat,
828 2546 860 2597 et
875 2558 957 2620 quae
982 2542 1121 2613 ἐπίκλοριι

80 2641 242 2704 noaciuata
259 2637 442 2700 hereditatis
456 2657 532 2725 pars
547 2638 733 2713 habebatur,
754 2661 873 2722 genere
887 2645 1038 2728 proximo
1060 2651 1118 2711 ob·
1179 2679 1181 2683 ·

80 2745 245 2817 veniebat,
272 2743 328 2827 qui
349 2755 418 2806 enin
442 2755 495 2806 etit
516 2743 549 2805 in
570 2744 808 2829 matrimonium
835 2743 955 2811 ducere
977 2763 1030 2814 urit
1050 2759 1138 2817 elo-⁸

82 2874 156 2914 care
186 2851 331 2914 debebat.
363 2851 455 2912 Hane
478 2851 584 2932 legem
611 2851 737 2914 disertis
764 2853 874 2915 verbis
903 2855 1051 2922 discimus
1079 2883 1120 2925 cx

80 2943 173 3022 lsiteo
202 2959 242 3019 de
264 2940 375 3020 hereti·
397 2955 742 3028 A1·ist.257.¹tt¹⁰⁶²5⁸⁰v
766 2957 861 3022 ὅάὕττῑ
884 2961 1025 3026 μετὰτῶν
1047 2987 1121 3038 χρη·

80 3059 178 3124 μάτων
195 3058 234 3126 τῷ
252 3064 393 3132 ἔγγυτὰτιρ
411 3067 499 3132 Weiss
518 3071 654 3118 ceromata.
685 3063 776 3125 Alios
798 3066 888 3126 locos
909 3065 1009 3143 iufra,
1031 3073 1058 3134 si
1080 3075 1121 3136 de

80 3163 155 3228 filiis
187 3166 389 3230 hereditariis
420 3167 511 3230 latius
541 3167 721 3251 loquimur,
750 3171 964 3235 recitabimus.
1005 3178 1130 3243 Liberi·

80 3283 188 3342 alitem
213 3273 282 3335 talis
302 3273 405 3344 filiae,
433 3293 531 3355 quum
559 3277 733 3337 secundum
762 3275 956 3359 principium
985 3285 1118 3349 anobis

81 3374 285 3440 coustitutum
298 3377 448 3442 mulieles
465 3380 515 3441 ria
528 3391 649 3443 tautum
665 3382 737 3454 sint,
758 3405 819 3466 qua
841 3386 1000 3450 hereditas
1023 3395 1118 3474 quam

80 3481 251 3544 celerrime
275 3483 316 3546 ad
336 3481 424 3547 viros
444 3484 560 3548 iterum
576 3489 796 3562 transferatur,
817 3511 886 3554 rem
907 3493 959 3554 avi
983 3497 1032 3557 sui
1054 3495 1118 3578 jum

79 3587 255 3670 accipiunt,
280 3589 307 3650 si
333 3592 532 3676 pubertatem
558 3591 694 3676 ingressi
722 3585 809 3669 sunt,
839 3619 941 3682 usque
968 3603 1008 3664 sd
1029 3609 1118 3688 quod

79 3705 206 3780 tempus
220 3706 312 3780 pater
324 3718 393 3758 rem
412 3710 474 3780 pro
497 3697 536 3760 iis
546 3699 753 3764 administrat.
774 3704 867 3767 Haec
882 3707 999 3769 docent
1012 3709 1119 3774 isaeus

82 3801 123 3862 de
146 3783 453 3866 Aristarch.i1ered.
475 3811 554 3867 201:
579 3810 623 3858 καὶ
645 3811 694 3871 μὲν
717 3807 765 3878 dvi,
790 3807 852 3862 οῦδὲ
869 3809 1049 3880 Ἀριστομένει
1072 3839 1117 3888 γε,

79 3904 142 3956 οὐδὲ
168 3904 390 3990 Ἀκολλοόῴρῳ,
416 3905 451 3964 oia
465 3911 603 3992 ,apamiam
625 3900 678 3981 τῆς·
692 3910 753 3984 ἐμῆς
775 3914 878 3984 μητρὸς
903 3917 1117 3984 ἐπιδικάσασθαι,

79 4010 142 4062 οὐδὲ
154 4010 256 4066 τούτοις
273 4011 351 4082 ἐξῆν
368 4014 532 4072 θαυμασκρν
549 4014 606 4086 γάρ
624 4010 658 4068 ἂν
676 4015 717 4086 ἦν,
735 4020 755 4070 ti
767 4018 817 4089 κήν
829 4024 896 4090 lupe
909 4026 1118 4096 μρτὲραῖχοντι

64 4113 285 4186 Ἀπολλοδώρῳ
311 4120 332 4190 ρ’·
346 4119 527 4190 Ἀριστομένει
550 4121 599 4172 οὐκ
617 4121 652 4173 α”ν
671 4121 727 4174 οἷον
750 4145 776 4176 τι
796 4123 828 4194 ἦν
846 4131 900 4177 τῶν
923 4130 1013 4198 ἐκιὶνρι
1033 4137 1117 4199 κυρίῳ

77 4221 212 4290 γενέσθαι,
231 4223 300 4275 κατὰ
317 4224 365 4276 τὸν
377 4225 469 4290 νόμον,
487 4221 513 4278 ὃς
531 4225 579 4278 criu
597 4223 628 4296 tn}
645 4234 700 4280 τῶν
712 4226 756 4298 τῆς
773 4229 920 4302 ἐπικλήρου
933 4233 1028 4306 κύριον
1045 4235 1117 4296 εἶναι,

929 4355 951 4414 2
