2846 5018
664 335 908 442 *db-

337 585 394 658 De
415 581 615 658 hereditate
637 583 857 679 acquirenda
879 599 916 659 et
941 583 986 658 de
1011 586 1216 660 actionibus
1317 589 1326 600 '

669 704 910 780 hereditariis.

346 923 385 986 ln
411 923 473 988 hae
491 919 599 984 ultima
620 931 713 1004 parte
738 931 811 986 ante
833 919 938 984 omnia
965 919 1199 1004 distiguendum
1228 924 1308 988 mihi

265 1026 411 1102 videtur,
442 1043 550 1092 utrum
575 1026 671 1090 liberi
700 1025 834 1110 legitimi
860 1039 984 1092 exstent
1010 1049 1123 1094 necne.
1164 1029 1309 1092 Primum

266 1155 351 1198 nrrnc
375 1134 632 1198 eonsbtueudum
653 1145 718 1208 est,
746 1135 912 1220 quomodo
939 1133 1033 1198 liberi
1059 1134 1193 1218 legitimi
1214 1122 1308 1200 here·

266 1239 396 1304 ditarem
415 1261 433 1302 a
452 1251 544 1324 patre
564 1239 642 1324 ipris
662 1239 732 1303 sine
751 1250 959 1313 testamento,
981 1254 1015 1304 ut
1037 1261 1133 1328 supra
1155 1238 1220 1322 jam
1242 1241 1309 1304 ‹lic-

264 1357 332 1408 tum
349 1355 414 1418 est,
434 1345 575 1410 relictam
596 1345 703 1430 adepti
724 1345 795 1412 siut.
835 1345 949 1408 Liberi
972 1367 1035 1408 non
1057 1348 1161 1408 solum
1184 1357 1309 1411 natura·

264 1455 329 1530 les,
349 1454 408 1518 sed
428 1451 524 1518 etiam
545 1451 630 1516 inter
649 1450 742 1516 viv'os
764 1452 904 1534 adoptati
927 1452 1137 1518 hereditatem
1158 1452 1227 1514 sine
1246 1454 1309 1514 ulta

264 1558 435 1642 rogatione
454 1557 593 1632 adibant,
612 1579 673 1645 per
691 1557 906 1622 embateusinr
928 1559 1000 1642 ipso
1020 1558 1094 1642 jure
1111 1579 1217 1622 rerum
1231 1579 1302 1642 pos-

269 1664 447 1729 sessionem
468 1663 676 1748 acquirebant
696 1664 866 1734 (βαδὶἓαασα
883 1667 915 1722 ol
932 1664 967 1718 τά
982 1664 1120 1736 πατρῴα).
1139 1664 1306 1727 Demosth.

264 1771 299 1834 in
319 1772 480 1835 Leochar.
502 1773 601 1832 1086:
621 1773 666 1822 καὶ
684 1768 851 1838 ἒνιβάτιυσιν
868 1765 952 1825 adcor
975 1771 1005 1824 tis
1021 1769 1072 1839 siju
1090 1771 1190 1822 ου’σιαν
1209 1767 1242 1824 ὥς
1260 1765 1301 1820 ὑπ’

265 1881 362 1930 ἱκάνοι
378 1879 477 1932 ἐῶντος
494 1879 531 1930 tn
549 1875 704 1946 ιέιπιιῃθιίι.
736 1875 844 1938 Isaeus
865 1875 906 1938 de
930 1875 1042 1939 hered.
1072 1874 1207 1957 Astyph.
1235 1876 1312 1942 tot,

267 1983 309 2048 de
329 1983 441 2046 hereti.
462 1983 578 2064 Pyrrh.
592 1987 645 2056 bi,
665 1981 804 2045 Beldseri
826 1982 983 2048 Aueedot.
1005 1981 1033 2044 1.
1055 1985 1125 2052 183,
1145 1985 1206 2044 dd:
1224 1975 1312 2028 α’νααί·

266 2087 343 2149 δικα,
362 2086 416 2140 ὅσα
432 2107 468 2143 ru
486 2093 592 2156 uua-ixei
610 2085 661 2141 τοῦ
677 2088 910 2159 τιτιλιυτῃκόιοι,
928 2087 961 2146 dr
979 2083 1097 2158 πατρῷαι
1114 2089 1159 2140 καὶ
1175 2083 1312 2153 παππῴα·

266 2192 302 2248 τά
319 2194 376 2265 γὰρ
394 2193 559 2260 bruciorum
577 2191 655 2264 nupti
678 2176 734 2246 ἰὥν
757 2200 897 2264 συγγινῶν
914 2193 1015 2246 ὶιιιδικιι
1038 2189 1179 2246 καλοῦσιν.
1212 2189 1311 2271 Quod

266 2298 439 2385 quominus
458 2299 612 2372 lacerent,
632 2297 659 2361 si
680 2299 721 2362 ab
743 2297 853 2382 aliquo
873 2296 907 2360 vi
922 2296 1191 2382 impediebantur.
1211 2283 1309 2362 aetio-

266 2427 340 2472 nem
360 2404 472 2474 ὃξούλῃι
498 2403 531 2468 in
556 2405 642 2470 hrruc
665 2404 885 2480 instituebant,
914 2415 946 2470 et
972 2403 999 2466 si
1027 2401 1185 2488 legitimus
1212 2407 1310 2470 heres
1421 2402 1422 2415 ¹

265 2512 407 2600 pttpillus
431 2514 484 2576 vel
504 2511 724 2586 mulierem,
749 2510 938 2596 gravissima
962 2509 1089 2574 actione
1109 2512 1237 2598 publica
1250 2517 1310 2580 (⁸³¹-

267 2620 384 2694 «rrslie
401 2619 563 2687 hendecurt
576 2621 663 2708 apud
682 2619 883 2684 Archontam
910 2618 966 2682 ille
986 2617 1054 2700 peti
1082 2631 1218 2701 poterat.
1253 2624 1310 2698 Uti

267 2749 353 2791 nunc
372 2725 445 2808 ipso
466 2722 539 2807 jure
558 2725 618 2788 filii
640 2735 806 2811 parentum
826 2725 1036 2790 hereditatem
1057 2747 1124 2790 non
1144 2727 1305 2812 adjudica-

268 2849 331 2898 tam
351 2834 485 2905 adeunt,
516 2843 548 2894 et
569 2832 604 2894 vi
624 2830 752 2920 expulsi
771 2831 959 2916 gravissima
979 2833 1107 2896 actione
1127 2835 1253 2916 publiea
1272 2837 1307 2898 in

269 2937 484 3002 adversarium
506 2938 679 3010 invehunt,
705 2937 764 3010 ita,
793 2937 978 3020 quicunque
1003 2941 1088 3020 apud
1111 2940 1311 3018 Archontern

269 3044 365 3110 talem
385 3046 591 3110 hereditatem
610 3056 853 3110 controversam
873 3045 1100 3121 declaraverat,
1117 3047 1314 3120 διαμαρτυρίᾳ

271 3151 325 3228 (id
346 3162 411 3224 est,
441 3153 630 3236 exceptione
655 3150 789 3214 testibus
811 3151 1013 3224 confirmata,
1040 3135 1255 3216 hereditatem
1271 3155 1312 3216 li-

271 3259 357 3322 beris
386 3258 528 3322 defuncti
562 3257 773 3330 exstantibus,
809 3269 1050 3322 controversam
1078 3277 1143 3320 non
1175 3277 1245 3320 esse
1270 3261 1311 3330 μή

247 3439 250 3445 s
270 3364 383 3418 ἐπίδικον
399 3364 463 3418 εἶναι
481 3365 529 3418 τὸν
546 3363 668 3436 κλᾶρον)
687 3364 727 3426 ab
748 3363 787 3425 iis
808 3363 982 3438 removeri,
1003 3341 1171 3448 ornnisque
1193 3364 1316 3452 disqui-

272 3470 345 3534 sitio
367 3471 436 3534 tolli
457 3482 592 3552 poterat.
627 3470 697 3533 Tali
718 3469 921 3540 διαμαρτυρίᾳ,
945 3471 1038 3534 verbi
1059 3471 1160 3554 gratia
1181 3471 1311 3534 Andro·

272 3579 337 3640 eles
358 3577 390 3640 in
410 3576 502 3640 initio
518 3576 601 3640 lsaei
622 3575 776 3640 orationis
798 3579 838 3640 de
859 3579 971 3642 hered.
993 3576 1132 3642 Philoct.
1154 3599 1229 3640 usus
1251 3587 1308 3639 est.

272 3683 468 3748 Liberorum
481 3683 690 3748 hereditatem
705 3683 886 3767 impugnari
903 3706 966 3747 nou
984 3705 1092 3770 posse,
1110 3705 1222 3748 omues
1240 3705 1314 3746 ora·

216 3782 218 3790 ¹
272 3769 394 3864 tiones,
421 3811 504 3875 quae
526 3791 565 3852 de
585 3789 694 3853 litibus
721 3790 924 3855 hereditariis
954 3791 1048 3854 nobis
1069 3801 1210 3864 exstent,
1239 3811 1316 3875 pro-

271 3898 362 3962 bant.
381 3895 560 3979 Praeeipue
572 3897 635 3958 hoc
648 3895 836 3978 intelligitur
853 3918 895 3958 ex
913 3897 1004 3961 Isaeo
1019 3899 1060 3960 de
1074 3897 1186 3960 hered.
1200 3896 1318 3976 Pyrrh.

273 4009 330 4069 ,Ὦς
348 4007 433 4056 καίτοι
452 4000 530 4073 (ὅπερ
548 3998 621 4056 sinor
637 4003 845 4072 καὶπρότερον)
865 3999 924 4054 ὅσοι
941 4008 990 4070 μὲν
1009 4003 1176 4064 καταλίπωσι
1194 4005 1321 4072 γνησίους

273 4107 374 4163 παῖδας
398 4109 428 4164 ἐξ
446 4109 551 4170 αὐτῶν,
577 4107 610 4160 οὐ
629 4110 756 4179 προσῄιιι
781 4105 948 4163 refraenata
966 4107 1171 4161 ἐπιδικάσασθαι
1195 4113 1250 4159 τῶν
1268 4125 1319 4157 ua-

273 4214 372 4282 rpqtov
390 4234 412 4268 a.
431 4234 455 4269 τ·
474 4215 500 4269 λ·
524 4217 607 4299 Hag.
629 4220 699 4280 ⁸289.
721 4215 982 4280 Philocrates
1001 4217 1070 4282 12⁷.
1100 4211 1241 4276 Filiabus
1263 4230 1316 4274 ea·
