2846 5018
301 504 451 568 constinti
471 523 537 568 non
557 495 683 588 potem
711 505 883 570 nonenim
911 507 983 589 lnge
1004 507 1178 588 pendebat,
1205 512 1264 574 sed
1289 533 1353 593 pe-

301 631 358 674 nes
379 622 566 674 testatorem
586 621 670 682 erat,
698 623 752 674 aut
771 611 930 674 minorem
958 623 1012 674 aut
1032 611 1186 696 majorem
1212 617 1347 682 testium

300 737 468 780 numerum
489 717 662 790 advocare,
682 735 781 800 quum
800 729 1021 782 testamentum
1043 729 1095 783 sut
1110 721 1263 804 majorem
1287 737 1349 786 aut

296 824 456 887 minorem
476 823 573 887 fidem
593 825 788 914 postularet„
804 823 938 888 Archon
960 845 1095 913 quoquc
1114 827 1345 892 interdum'tc·

297 931 457 993 strumentis
487 928 664 992 condendis
693 923 878 992 interduisse
903 929 1048 1004 videtur,
1078 948 1113 996 ut
1139 935 1272 1016 legimus
1305 938 1342 1001 in

294 1037 387 1100 lstteo
408 1037 449 1098 de
472 1037 585 1098 hered-
611 1032 778 1114 Cleonym·
796 1037 828 1098 9.
861 1035 896 1098 Sb'
922 1036 993 1120 quit
1016 1040 1246 1126 rempublicam
1275 1045 1338 1108 lte·

293 1141 407 1207 sedem
437 1139 635 1212 instituebat,
660 1139 694 1203 id
722 1139 754 1203 in
786 1141 901 1223 populi
927 1141 1084 1208 concione
1104 1145 1218 1220 fiebat,
1247 1169 1340 1232 quoe

267 1261 270 1268 ’
295 1247 411 1312 concio
432 1261 499 1312 tnm
519 1246 697 1311 testamenti
717 1245 804 1310 testis
827 1257 904 1310 erat.

373 1401 408 1466 Si
428 1412 562 1466 testator
582 1392 800 1463 te'stamentum
822 1375 1063 1482 composuerat,
1082 1411 1177 1466 testes
1196 1405 1333 1470 nomina

292 1523 325 1574 et
345 1510 404 1573 sub
430 1518 650 1571 testamentum
678 1505 762 1569 etin
788 1521 881 1590 tergo
903 1501 1080 1570 testamenti
1107 1509 1146 1572 ab
1171 1521 1334 1576 testatore

291 1616 404 1698 signati
423 1612 655 1680 adscribebant.
687 1588 989 1698 Bunseuius'putat,
1006 1623 1102 1676 testes
1117 1636 1246 1704 semper
1270 1640 1322 1679 no·

289 1721 375 1784 mina
401 1720 435 1783 in
464 1735 557 1802 tergo
584 1717 760 1781 testamenti
788 1718 1014 1806 adscripsissej
1044 1719 1121 1784 huic
1152 1721 1323 1786 sententiae

289 1839 395 1892 autern
416 1830 507 1892 locus
530 1828 615 1911 apud
629 1827 755 1890 Isaeum
772 1828 812 1890 de
829 1827 942 1894 hored.
964 1829 1097 1912 Astyph.
1119 1831 1181 1892 236
1200 1841 1325 1892 contra-

289 1931 382 1996 dicit:
402 1932 465 1989 ιὶκός
483 1932 517 2005 p'r
532 1932 599 2003 μηδὲ
617 1930 706 1986 ἄλλον
723 1931 825 2003 μιγδίνα
843 1933 1031 2006 ίγγιγράφθαι
1048 1939 1074 1988 ir
1092 1931 1132 2007 τῷ
1149 1937 1324 2006 γραμματείῳ

287 2039 437 2110 μάρτυρα,
455 2060 521 2124 quo
548 2039 621 2102 loco
646 2049 757 2101 orator
784 2037 852 2100 sine
881 2039 979 2102 dnbio
1003 2041 1043 2103 de
1070 2051 1251 2103 testamento
1271 2041 1325 2102 lo·
1350 2067 1358 2078 ¹

185 2200 189 2214 ,
286 2144 406 2230 quitur,
424 2143 457 2208 in
479 2166 545 2230 quo
566 2141 840 2208 testiumnomina
861 2143 921 2207 sub
941 2145 1101 2209 testatoris
1116 2145 1243 2207 nomine
1264 2167 1324 2226 po·

217 2269 221 2278 ‘
284 2253 344 2316 sita
371 2263 471 2318 erant.
510 2253 744 2314 Testamentum
766 2272 850 2336 nunc
877 2251 1001 2313 finitum
1026 2249 1185 2314 testatoris
1206 2253 1325 2314 annulo

285 2355 513 2441 obsignabatur
534 2360 655 2436 (lsaeus
671 2357 778 2438 Apoll.
802 2361 877 2422 tottt
898 2357 987 2440 quod
1008 2355 1179 2418 maximum
1199 2355 1232 2420 in
1253 2369 1324 2420 toto

283 2475 357 2528 actu
378 2466 569 2542 habebntut·;
591 2475 625 2525 ut
646 2463 729 2525 enim
750 2461 967 2524 testamenttu'u
989 2472 1138 2534 exstaret,
1161 2463 1323 2527 testatoris

284 2569 508 2654 obsignatione
537 2570 821 2632 demonstrstltattu·.
858 2567 1000 2650 Sigillum
1030 2567 1061 2628 in
1089 2573 1323 2652 capsulaeon-

282 2693 442 2744 seruatum
475 2699 546 2742 esse
573 2677 718 2751 videtur,
750 2688 784 2737 ut
811 2676 843 2738 in
872 2675 1037 2758 Aristoplt.
1065 2675 1165 2760 Vesp.
1188 2684 1246 2744 585
1274 2681 1322 2742 le·

281 2786 402 2868 gimus:
1229 2771 1232 2778 ¹

316 2895 367 2946 καν
384 2889 565 2961 ἀποθνήσκων
587 2890 602 2940 ὁ
621 2889 713 2958 πατήρ
738 2885 777 2954 τῷ
797 2885 836 2956 δῷ
856 2887 1022 2941 καταλείπων
1046 2889 1118 2942 παῖδ’
1136 2889 1278 2957 ίπίκλιγρον,

317 2968 407 3054 κλάειν
426 2997 494 3068 ἡμεῖς
511 2993 606 3068 μακρά
624 2990 673 3064 rp‘r
692 2992 810 3062 uepolp'r
828 2993 937 3046 εἰπόντες
954 2991 987 3060 τῇ
1006 2995 1123 3061 διαθήκῃ
1155 2997 1173 3009 “’

316 3109 358 3158 tat
375 3103 409 3173 τῇ
426 3103 518 3174 κόγχῃ
536 3099 570 3168 τῇ
588 3101 658 3153 πάνυ
677 3105 775 3162 σεμνῶς
792 3107 844 3152 τοῖς
863 3103 1007 3165 σημείοισιν
1024 3100 1136 3166 lantinp,

313 3212 405 3276 ἴδομεν
421 3207 539 3276 ταύτην,
558 3203 627 3257 ὅστις
643 3226 679 3256 αν
698 3199 765 3274 potis
782 3201 963 3273 ἀντιβολήσας
980 3201 1113 3269 α’ναπιίσο.

291 3339 294 3347 ’
362 3337 554 3412 Scholiastes
575 3313 651 3401 huic
670 3337 744 3398 loco
769 3333 872 3398 addit:

314 3449 346 3504 ὠς
363 3458 468 3517 κόγχας
486 3443 652 3496 ἐπιτιθέντων
670 3450 726 3495 ταῖς
744 3449 891 3512 σφραγῖσιν
909 3440 1053 3510 ἀσφαλείας
1069 3446 1150 3492 ἕνεκα.

303 3597 306 3603 ’
359 3593 557 3654 Testamenta
583 3587 652 3668 ipsa
671 3585 764 3647 nobis
790 3596 914 3647 exstant
936 3607 977 3646 ex
999 3583 1219 3646 Demosthene
1244 3579 1319 3646 adv.

280 3699 389 3780 Steph.
410 3697 451 3762 Α.
473 3699 554 3757 1110
560 3715 572 3770 ,·
592 3713 630 3755 ac
650 3690 780 3775 quidem
800 3693 841 3752 ad
857 3690 994 3770 verbum
1009 3687 1169 3776 descripta
1187 3683 1320 3747 exDio-
1349 3763 1352 3770 Ι

278 3795 360 3894 gene
380 3801 525 3866 Laertio.
564 3800 672 3861 Paene
694 3795 798 3860 omnia
825 3797 857 3858 in
879 3794 972 3858 initio
994 3794 1158 3857 declarant
1181 3811 1319 3873 sequen-

276 3913 321 3974 tia
342 3919 529 3972 testamento
549 3904 751 3996 constitutum
773 3923 858 3976 csse,
880 3913 915 3963 ut
933 3899 1067 3984 legimus
1088 3901 1122 3962 in
1146 3899 1315 3960 Demosth.

274 4023 296 4082 l.
318 4037 364 4081 c·:
386 4017 450 4069 τάδε
467 4015 567 4067 διέθετο
585 4011 701 4064 Πασίων
715 4011 877 4080 Ἀχαρνεύς.
908 4011 945 4072 In
974 4021 1068 4093 tergo
1094 4015 1317 4070 testamentum

167 4179 181 4202 ,.
274 4121 435 4188 testatoris
463 4119 592 4184 nomine
621 4117 817 4200 designatum
844 4126 926 4189 erat,
953 4114 1046 4180 verbi
1073 4110 1173 4194 gratia
1193 4110 1226 4172 in
1247 4110 1313 4172 De·

241 4221 244 4228 ⁴
274 4233 391 4296 mosth.
412 4230 433 4290 l.
451 4250 484 4292 cr
502 4231 600 4292 1106:
622 4233 809 4297 γραμματεῖον
825 4228 904 4293 ἔχειν,
922 4220 996 4295 s'p’ql
1011 4219 1180 4292 γεγράφθαι,
1195 4216 1316 4285 διαθήκη
