2846 5018
115 549 220 616 hiberi
247 533 408 634 potrsi'ese,
438 540 632 626 argumentis
662 541 886 607 demonstrare
917 539 1011 620 piane
1043 560 1155 620 supen-

115 661 215 723 fluum
235 667 327 740 puto,
348 673 447 738 quum
468 652 597 714 ethaeo
618 669 722 731 paene
741 649 775 710 iu
793 647 881 722 omui
894 645 1009 728 pagiua
1029 646 1064 710 iu
1084 669 1156 716 ora·

114 764 254 832 sumbus
281 758 475 833 exstantibus
502 756 597 820 uobis
618 765 789 829 occurant,
818 764 850 816 et
880 754 920 816 ab
941 752 1088 816 omnibns
1115 756 1158 816 de

113 876 176 936 hac
204 892 242 934 re
269 865 481 948 scriptoribus
511 864 752 928 confirmentur.
790 861 890 942 Quod
916 871 1023 923 autem
1048 859 1159 924 attinet

113 981 157 1042 ati
181 973 448 1060 parmatnhotiam
475 974 567 1036 locos
596 991 692 1052 supra
717 967 780 1052 jam
807 977 1001 1031 memoratos
1030 988 1071 1029 ex
1091 967 1158 1030 De·

111 1085 232 1149 mosth.
249 1084 322 1149 adv.
343 1065 503 1146 Leochar.
526 1085 619 1152 1090,
641 1083 736 1147 1099,
758 1081 841 1140 1090
858 1075 959 1138 citare
978 1095 1159 1156 possumus,

114 1191 232 1280 quibus
254 1186 479 1252 continuantur
499 1208 540 1249 ex
562 1189 654 1248 isaeo
677 1185 718 1246 de
738 1183 851 1248 hered.
871 1181 1014 1244 Nicostr.
1035 1187 1086 1254 70,
1107 1188 1159 1255 73,

112 1299 297 1380 multosque
324 1294 422 1366 alios,
450 1297 539 1380 quos'
553 1303 586 1353 ut
612 1287 746 1356 recitem
766 1308 1048 1372 supervacaneum
1064 1307 1159 1374 arque

111 1403 229 1468 inutile
248 1411 338 1487 puto.

196 1507 230 1572 Si
258 1529 343 1571 nuuc
369 1504 544 1594 exquirere
571 1504 749 1574 studemus,
776 1522 835 1566 cur
860 1501 1157 1588 peraestabolia“in

112 1615 163 1698 jus
185 1611 315 1678 inducta
343 1605 400 1687 sii,
429 1626 526 1694 puto,
553 1609 769 1692 legislatorum
796 1629 865 1672 eam
886 1609 1035 1672 habuisse
1055 1629 1159 1672 reme·
1275 1649 1277 1654 -

113 1719 221 1793 dium,
243 1743 308 1808 quo
328 1720 400 1784 lites
422 1717 645 1792 hereditariae,
667 1737 746 1800 quas
766 1715 1014 1779 Atheniensibus
1035 1713 1160 1778 tam-li-

116 1826 242 1910 tigiosis
271 1849 365 1912 quiam
392 1829 505 1890 mrrltas
537 1823 638 1888 fuisse
670 1834 808 1896 constat,
842 1821 985 1886 imminui
1013 1837 1160 1906 possent;

113 1954 214 2021 quum
234 1933 268 1997 in
290 1932 414 2014 judicio
429 1932 532 1994 rictus
547 1953 616 1994 earn
636 1931 799 2014 perderet,
821 1941 936 1992 ettam
953 1929 1161 2014 510νί0000-

113 2061 177 2101 uae
196 2039 316 2100 timore
338 2057 449 2100 omnes
471 2038 729 2110 deterrerentur,
751 2059 793 2100 ne
812 2035 885 2100 lites
904 2035 1089 2101 temerarias
1110 2033 1158 2100 in·

113 2145 208 2207 irent.
223 2143 422 2223 'Propterea
450 2144 491 2206 de
513 2163 572 2215 eo,
600 2144 657 2227 qui
681 2142 950 2226 paracataboliam
977 2142 1160 2212 adhibebat,

101 2250 371 2340 supponebatur,
392 2248 497 2334 ipsum
518 2261 640 2312 certum
662 2261 694 2312 et
705 2271 804 2333 grave
823 2247 875 2332 jus
897 2229 1082 2314 hereditatis
1102 2251 1159 2314 bs·

114 2360 212 2432 bere,
241 2369 279 2420 et·
294 2377 406 2420 omnes
427 2355 656 2438 competitores
684 2357 785 2420 eoacti
806 2353 911 2430 erant,
938 2368 974 2418 ut
993 2367 1048 2419 aut
1064 2377 1159 2437 para-
1259 2385 1262 2394 «

118 2465 303 2530 0010001ἰοοι
320 2465 495 2536 solverent,
516 2474 572 2526 atu
582 2464 622 2527 ab
633 2465 811 2528 hereditate
832 2465 1029 2528 desisterent.
1051 2464 1162 2544 Quum

105 2571 209 2634 enim
228 2591 327 2633 nemo
358 2570 605 2652 competitorum
630 2568 681 2652 jus
709 2591 802 2633 suum
828 2573 932 2635 adhuc
959 2571 1160 2642 declarasset,

113 2676 380 2760 paracataboiiam
395 2698 459 2740 non
475 2680 605 2740 solvere
618 2675 684 2759 juri
698 2677 894 2742 hereditario
909 2675 1044 2759 alicujus
1058 2697 1161 2760 paene

114 2805 243 2847 ornnem
272 2785 370 2846 fidem
399 2785 557 2866 abrogare
583 2805 715 2848 neccsse
742 2801 820 2847 erat.
862 2787 1036 2866 Quomodo
1065 2784 1158 2846 etiam

113 2892 269 2978 explicari
290 2905 411 2976 potest,
439 2895 529 2975 quod
552 2893 585 2954 in
615 2893 710 2956 Isaeo
739 2895 780 2955 dc
804 2895 916 2956 hered.
937 2893 1074 2957 Philoct.
1097 2897 1160 2956 190

111 2999 266 3079 legimus,
294 2998 389 3061 eiam
417 2997 450 3065 in
473 2999 675 3080 diamartyria
700 3020 929 3088 nonuunquam
951 2999 1159 3086 pernoctabo,-

117 3101 193 3164 liant
213 3101 385 3166 adhibitam
413 3125 494 3166 esse.
529 3106 825 3190 Magnam-copiam
852 3106 1012 3169 actionum
1034 3105 1161 3168 heredi-

105 3207 272 3271 ·tariarum
290 3211 354 3274 hoc
367 3212 466 3273 modo
478 3195 919 3298 paracataboliaimminutam
931 3235 1012 3288 esse,
1024 3229 1055 3276 et
1074 3214 1161 3275 hune

112 3315 211 3376 finem
231 3316 382 3378 habuisse
402 3317 683 3398 pernoctaboliam,
712 3336 744 3383 et
764 3318 827 3401 jam
848 3335 933 3383 ntrnc
954 3321 1161 3406 perspicuum

114 3439 190 3492 esse
213 3433 313 3507 puto,
334 3432 370 3482 et
386 3421 488 3496 iufra,
510 3423 601 3488 side
621 3425 802 3490 actionibus
823 3427 999 3490 hereditate
1018 3427 1082 3508 jam
1102 3428 1160 3490 ad·

110 3525 251 3610 judicata
270 3525 450 3611 loquimur,
472 3533 513 3592 ad
534 3531 725 3595 evidentiam
747 3533 970 3597 demonstrari.
983 3546 1099 3617 potest.

195 3631 358 3716 Deinceps
380 3637 423 3698 de
434 3637 613 3700 hereditate
632 3637 697 3725 jam
717 3638 894 3721 adjudicata
912 3639 1083 3702 dicendum
1099 3658 1157 3706 est.

101 3738 248 3804 -Etiamsi
270 3741 431 3805 heredites
448 3743 543 3808 elicui
563 3744 603 3806 nb
617 3743 786 3808 Archonte
798 3744 977 3828 adjudicata
999 3764 1093 3823 esset,
1116 3761 1160 3812 ta·

101 3863 187 3907 0000
209 3859 319 3926 postea
336 3869 423 3910 stram
444 3859 514 3912 esse
532 3850 745 3914 hereditatem
762 3851 867 3940 quiuis
884 3856 1081 3918 contendere
1102 3879 1160 3944 po-

108 3963 205 4022 teret,
228 3960 260 4014 et·
279 3956 343 4018 hoc
358 3957 462 4018 modo
474 3957 557 4021 actio
571 3957 864 4042 redintegrabatur3
886 3983 923 4024 ac
937 3961 1067 4048 quidem
1087 3965 1157 4044 plu·

106 4059 215 4122 rimae
236 4059 418 4124 orationum
439 4064 704 4128 hereditariamm
725 4066 814 4129 litem
834 4068 1019 4131 hereditatis
1041 4069 1080 4131 ab
1093 4071 1155 4132 Ar·

110 4169 234 4230 cboute
248 4161 308 4244 jam
328 4165 534 4250 adjudicatae
544 4183 751 4252 pertractant.
778 4174 948 4259 Expressis
968 4175 1077 4238 verbis
1092 4177 1158 4238 De·
1247 4213 1251 4220 ·

106 4271 230 4338 morth.
247 4273 325 4336 adu.
348 4277 582 4359 0100001.1050
600 4281 680 4343 0000
699 4281 803 4363 legem
817 4280 945 4344 recitat:
968 4287 1014 4334 aas
1031 4301 1079 4347 usu
1096 4281 1160 4335 ἀνό-
1226 4299 1228 4304 “
