2846 5018
684 359 929 432 ...20·.„

286 515 348 576 tur,
369 515 401 566 et
421 504 592 578 sententia,
616 527 633 566 a
656 504 696 570 C.
717 509 757 570 de
778 509 1074 593 Boorproposita:
1097 516 1152 588 „in
1174 539 1248 584 casu
1271 545 1331 604 po.

287 611 379 672 situm
402 633 472 672 csse
494 612 685 686 defunctam,
711 615 751 677 de
772 635 834 698 qua
856 615 887 678 in
909 618 1066 684 hocloco
1087 636 1207 704 agatur,
1230 649 1329 692 unum

287 728 405 780 tantum
425 717 526 780 fitium
553 717 718 792 habuisse,
747 733 779 784 et
807 721 834 786 si
855 724 963 804 plures
984 725 1194 804 exstitissent,
1215 753 1327 816 quem·

287 845 352 910 que
373 835 494 904 partem
516 824 700 888 hereditatis
720 826 874 910 incapite
895 828 1016 894 divisae
1037 836 1233 916 accepissem
1251 840 1327 904 suti-
1400 821 1401 882 i

288 929 328 992 tis
347 930 712 1019 commenticiaqueest.
746 935 783 1000 ln
804 935 866 998 aiio
887 939 979 1011 loco,
1004 961 1102 1026 quem
1124 941 1217 1009 Cide
1235 946 1328 1010 Boor
1400 1001 1401 1022 ,

288 1038 431 1108 attrahit,
458 1036 642 1120 conjectura
664 1061 748 1126 opus
770 1023 835 1116 est,
864 1054 898 1104 ut
926 1047 1008 1108 hacc
1036 1049 1192 1112 sententia
1217 1054 1325 1116 verbis

227 1151 230 1160 ’
287 1145 371 1208 insit.
400 1144 463 1208 Hie
481 1145 572 1208 iocus
594 1145 691 1208 estin
711 1147 804 1211 Isaeo
828 1150 867 1211 de
887 1149 1043 1234 Dicaeog.
1064 1156 1180 1218 hored:
1201 1163 1270 1232 104,
1291 1161 1324 1222 in

213 1274 217 1288 ,
289 1272 355 1338 quo
372 1249 410 1316 C,
423 1253 462 1312 (le
477 1253 567 1314 Boot·
580 1252 673 1334 legit:
685 1253 763 1308 atton
779 1261 951 1328 Atuuaoys'rps
962 1258 1011 1330 τήν
1024 1259 1144 1331 ἀὲιλφᾲν
1155 1263 1206 1335 τήν
1219 1267 1329 1329 τούτου,

290 1360 365 1420 dum
392 1359 487 1421 lectio
515 1359 655 1441 vulgaris
685 1359 735 1430 triv
760 1357 860 1414 ἐαυτοῦ
886 1361 1008 1426 bonurn
1028 1386 1155 1429 sensum
1183 1371 1326 1449 praebet.

291 1465 388 1542 Quod
408 1463 548 1550 denique
567 1465 609 1526 ad
629 1466 736 1528 iocum
756 1464 789 1526 in
806 1466 899 1528 lsaco
918 1470 961 1532 de
977 1470 1113 1535 Philoct.
1135 1475 1328 1547 he1·ed.,td7
1400 1507 1401 1542 i

289 1569 414 1642 attinet,
442 1569 480 1634 C.
504 1572 544 1632 de
565 1572 655 1634 Boor
683 1570 847 1642 coneedit,
874 1575 960 1640 hutnc
979 1578 1086 1640 locum
1107 1599 1142 1642 se
1163 1581 1326 1665 explicare

290 1697 355 1740 non
384 1697 498 1761 posse,
527 1679 729 1740 Hermannns
757 1676 812 1758 (in
833 1681 1042 1758 recensione)
1073 1697 1177 1748 autem
1207 1688 1325 1768 optima

291 1782 473 1863 conjectura
502 1783 595 1846 etiam
622 1786 703 1847 hanc
724 1771 945 1848 'difficultatem
971 1787 1148 1850 removisse
1174 1793 1254 1852 mihi
1275 1795 1322 1853 vi-

291 1892 400 1960 detur,
421 1911 518 1976 quum
539 1911 600 1970 pro
621 1895 744 1955 πέμπτου
762 1897 872 1959 μέρους,
887 1896 927 1944 ἰπὶ
944 1896 1039 1962 μέρους
1055 1895 1162 1976 legere
1182 1897 1258 1956 uiuit.

271 2049 274 2056 .
371 1997 475 2062 Pattca
497 2017 580 2060 niune
601 1996 694 2060 nohis
717 1995 850 2060 dicenda
872 2009 944 2060 stant
961 1999 1001 2060 de
1022 2000 1091 2081 lege
1107 2011 1212 2062 nostra
1234 1998 1324 2081 prin·

292 2103 397 2186 cipali,
414 2104 445 2166 in
462 2125 522 2192 qua
537 2125 667 2166 sorores
680 2125 744 2166 non
760 2115 1063 2168 commemorantum.
1076 2105 1252 2167 Bunsenius
1265 2105 1328 2186 igi-

192 2267 202 2286 ,
291 2225 343 2273 tur
354 2211 489 2299 aliique,
507 2223 540 2272 ut
560 2213 664 2294 legem
682 2213 898 2282 emendarent,
920 2211 1036 2273 verba:
1056 2211 1102 2265 ἐὰν
1119 2211 1146 2262 δὲ
1162 2209 1200 2280 ud
1211 2208 1333 2288 «ἀδελφοὶ

290 2315 411 2388 maruha)
431 2315 670 2386 ἀδελφώνπαῑὸες,
693 2315 808 2386 ἀδελφὰς
825 2321 869 2368 καὶ
892 2317 986 2371 παῖδας
1009 2315 1038 2372 ἐξ
1054 2315 1147 2370 αὐτῶν
1169 2316 1333 2386 λαγχάνειν.

300 2423 360 2478 Edu
384 2425 411 2476 ὁὲ
437 2424 476 2491 μή
504 2422 615 2491 ἀδελφοὶ
637 2419 719 2482 dciv,
744 2422 766 2492 ij
788 2419 912 2490 ἀᾶιλφῶν
935 2421 1038 2480 παῖδες,
1063 2420 1185 2490 ἀνεψιούς
1211 2442 1236 2475 u.
1254 2441 1280 2475 τ.
1297 2421 1327 2475 λ.

191 2543 194 2549 ’
293 2542 377 2608 quae
399 2541 440 2582 ex
461 2519 553 2580 Isaeo
576 2517 616 2580 de
637 2519 747 2598 Hagn,
767 2519 836 2580 her.
858 2520 918 2580 270
939 2515 1114 2588 sumebant,
1135 2515 1168 2578 in
1191 2527 1327 2578 nostram

292 2629 395 2708 legem
421 2623 661 2704 inscripserunt.
700 2625 775 2684 Hoc
802 2641 934 2684 neeesse
963 2641 1033 2684 esse
1054 2642 1119 2684 non
1141 2620 1325 2702 puto,'nam

293 2731 541 2814 argumentatio,
569 2731 611 2794 ita
634 2743 682 2802 ut,
710 2731 736 2792 si
755 2731 872 2792 fratres
898 2749 1076 2815 eorumque
1103 2731 1332 2792 descendentes

295 2861 359 2902 nou
375 2850 507 2910 exstant,
528 2860 659 2900 sorores
675 2859 850 2924 earumque
864 2838 1094 2900 descendentes
1109 2835 1244 2905 veniant,
1265 2831 1334 2912 jam

295 2969 333 3010 ex
352 2957 561 3008 consentanea
582 2945 661 3026 legis
682 2943 946 3024 interpretatione
967 2943 1121 3029 sequitur.
1159 2942 1334 3002 Praeterea

254 3131 256 3138 Ι
293 3056 401 3118 lmus
417 3057 491 3116 1000
504 3052 598 3114 citato
615 3051 709 3114 dicit:
731 3052 830 3106 ταύτας
848 3059 917 3104 ποιεῖ
926 3049 970 3104 τὰς
988 3049 1141 3119 ἀγχιστείας
1159 3047 1173 3098 ό
1190 3045 1339 3112 νομοθέτης

289 3161 395 3226 μόνας,
420 3165 625 3228 συντομωτέρως
640 3167 702 3232 Ιτοῖς
720 3157 856 3228 ῥήμασιν,
881 3156 903 3224 rj'
923 3160 976 3226 tyn
995 3145 1109 3233 φρᾴἓω,
1129 3175 1212 3240 quae
1233 3151 1340 3212 verba

288 3265 366 3345 ,sine
390 3265 488 3330 dubio
510 3287 636 3328 omnem
657 3265 832 3328 verborum
849 3259 1132 3343 interpositionem
1151 3259 1265 3320 tollere
1284 3257 1339 3318 vi-

298 3375 423 3436 dentur.

380 3479 414 3541 si
436 3499 530 3540 nemo
557 3499 641 3540 nnnc
662 3486 779 3547 exstat,
806 3473 916 3561 quiin
938 3483 1029 3554 patre
1050 3469 1209 3542 defuncti,
1238 3490 1340 3556 quem

299 3587 403 3649 adhuc
419 3597 513 3666 caput
529 3584 705 3666 posuimus,
719 3583 885 3655 convenit,
899 3583 942 3643 ad
952 3579 1099 3662 superius
1114 3587 1208 3660 caput
1227 3597 1338 3638 ascen-

301 3695 379 3756 dere
407 3691 577 3764 debemus,
602 3690 671 3754 siue
699 3691 739 3751 ad
759 3699 884 3771 petrem
911 3684 1009 3768 patris
1034 3683 1193 3756 defuncti,
1219 3683 1261 3744 ad
1281 3683 1340 3743 de·

300 3798 401 3862 functi
421 3819 525 3860 avum.
559 3796 789 3869 Concedimus,
818 3795 871 3858 hic
892 3803 1010 3856 certem
1030 3794 1134 3875 legem
1155 3788 1250 3852 nobis
1271 3809 1341 3850 non

302 3925 486 3977 occurrere,
507 3925 589 3990 quae
611 3903 704 3974 dicat,
725 3914 844 3984 patrem
866 3895 919 3970 uel
936 3899 1140 3962 ascendentes
1161 3895 1345 3958 liberorum

299 4029 375 4079 ,esse
395 4013 548 4090 heredes3
573 4022 609 4080 et
636 4009 710 4072 inde
733 4007 869 4072 Gansius
895 4004 951 4086 (in
968 4005 1073 4068 libro:
1092 3981 1158 4066 'das
1179 4003 1347 4066 Erbrecht

303 4118 337 4180 in
362 4116 705 4200 weltgeschichtlieher
730 4110 974 4206 Entvvicidung)
1007 4109 1193 4175 seutentiam
1222 4107 1350 4172 confir-

305 4248 392 4288 mare
419 4227 538 4296 studet,
573 4205 779 4286 ascendentes
812 4219 1072 4284 descendentium
1103 4219 1243 4286 ¹heredes
1270 4236 1350 4278 esse
