2846 5018
489 409 759 490 ···21--¹

93 557 335 638 non'potuisse3
357 523 490 618 attamen
512 577 551 618 ex
572 559 638 617 tota
658 554 736 636 juris
751 543 944 616 'hereditarii
966 551 1062 617 Attici
1078 539 1129 615 'in-

94 668 185 738 dole,
206 664 448 734 ascendentibus
470 667 533 728 hoe
554 663 603 745 jus
624 663 724 726 fuisse
746 683 808 748 pro
831 673 920 725 certo
943 659 1048 747 putari
1071 659 1125 720 dc·
1164 639 1167 648 Α

92 774 154 836 bet.
190 745 340 845 Numid,
372 773 461 857 quod
487 771 663 833 adversarii
691 771 843 840 afferunt,
870 767 902 830 in'
931 765 1129 850 orationibus

90 882 205 943 nullam
226 882 330 961 legem
351 877 510 954 inveniri,
533 879 567 940 id
589 877 738 964 profecto
760 874 876 937 nullius
898 885 945 936 est
965 871 1126 934 momenti.

90 985 236 1068 Vestigia
267 997 371 1048 autem
400 983 557 1067 ejusmodi
585 982 667 1064 legis
696 981 788 1044 nobis
811 1001 1002 1050 occrurerc,
1024 978 1056 1040 in
1079 997 1127 1040 sc-

92 1089 263 1178 quentibus
284 1091 442 1173 explicare
462 1089 667 1153 studebimus.

176 1204 213 1274 t)
235 1197 296 1260 Hie
321 1196 442 1278 primus
467 1197 559 1258 nobis
582 1194 722 1256 occurrit
744 1190 885 1256 defuncti
906 1202 1013 1272 pater,
1035 1187 1126 1270 cujus

92 1305 133 1364 da
159 1301 231 1383 jure
257 1302 454 1366 hereditario
480 1300 542 1382 jam
564 1302 657 1361 valde
685 1299 927 1380 disceptabatur.
963 1291 1129 1362 Nonnulli,

91 1421 125 1469 ut
144 1409 313 1481 Jonesius,
341 1407 494 1479 Gausius,
522 1407 552 1468 ei
573 1429 668 1468 omne
693 1405 742 1488 jus
765 1405 1043 1491 abjudicaverunt,
1065 1399 1129 1474 alii,

91 1517 147 1602 qui
168 1516 198 1579 ei
220 1515 354 1596 hocius
375 1514 534 1586 tribuunt,
562 1515 697 1576 deloco
720 1524 852 1588 certant,
882 1533 947 1599 qno
970 1512 1127 1572 collocan-

89 1624 149 1682 dus
180 1622 231 1683 sit.
267 1621 393 1682 Patrem
421 1616 471 1700 jus
493 1619 721 1682 hereditarium
750 1618 915 1690 habuisse,
946 1628 977 1678 et
1000 1637 1038 1676 ex
1060 1635 1126 1676 om·

89 1727 183 1786 nibus
204 1727 307 1788 adhuc
328 1723 466 1807 dejure
487 1725 682 1788 hereditario
711 1723 819 1796 dictis,
847 1735 878 1786 et
900 1745 939 1786 ex
960 1709 1128 1786 Demosth.

89 1832 161 1891 adr.
182 1831 304 1894 Leoch.
327 1837 407 1912 1088
428 1831 520 1919 sequi
543 1825 687 1922 videtur,
720 1855 786 1919 quo
806 1833 880 1894 loco
903 1841 1014 1893 orator
1036 1825 1127 1890 dicit:

83 1938 128 1987 καὶ
146 1934 203 2006 γαρ
221 1934 260 2005 τῷ
278 1935 429 2018 Ἀρχιάδῃ,
454 1934 488 1988 ου’
506 1934 539 2007 ἦν
559 1937 575 2005 p'
594 1936 672 1988 ούσὶα
689 1935 722 1987 τὸ
742 1935 886 2005 ἐξαρχῇς,
904 1933 1046 2005 εγγυτάτω
1063 1938 1129 2004 γε’νει
1201 1971 1204 1976 -

82 2045 159 2106 ἐσμὲν
177 2046 221 2092 καὶ
237 2039 276 2108 roi
295 2041 437 2108 sienotp'atp
462 2041 637 2107 Λεωκράτει·
659 2037 708 2090 τοῦ
726 2043 774 2104 μέν
791 2039 849 2107 γαρ
869 2025 987 2107 ὁπατὴρ
1007 2037 1129 2105 ἐπανελη-

81 2147 174 2200 λυθὼς
192 2147 222 2200 εἱς
247 2143 309 2198 τούς
332 2143 508 2198 Ἐλευσινίους
532 2142 617 2195 οὐκέτι
642 2141 692 2211 τὴν
714 2140 784 2194 nard
801 2141 849 2194 τὸν
871 2142 955 2206 νόμον
977 2142 1129 2210 οἱκειὸτρτα

81 2251 179 2302 ἔλειπεν
197 2245 288 2316 αὐτῷ,
306 2246 375 2317 ιγιιεῑς
392 2248 433 2311 δὲ,
451 2246 517 2316 παρ’
536 2244 572 2304 οἷς
590 2245 622 2318 p'r
639 2253 665 2301 fr
682 2243 721 2318 τιῇ
739 2253 820 2318 γένει,
841 2245 890 2315 τήν
909 2245 1129 2318 ἀναγκαιοτάτην

81 2357 238 2423 συγγένειαν
255 2355 375 2421 εἴχομεν,
396 2353 465 2408 ὀντες
483 2351 629 2422 ἀνεψιαδοῖ
647 2358 740 2422 ἐκείνῳ,
759 2349 832 2414 ὥστ’,
856 2355 876 2404 εὶ
893 2355 940 2418 μὲν
958 2350 1060 2414 βούλει,
1077 2345 1127 2400 τοῦ

79 2458 238 2528 Ἀρχιάδου
257 2453 394 2528 συγγενεῖς
420 2456 486 2514 ὄντες
511 2457 639 2521 α’ἐιοῦμεν
656 2455 857 2528 κληρονομεῖν,
875 2459 895 2508 εἱ
913 2457 940 2509 δὲ
956 2455 1060 2520 βούλει,
1076 2449 1126 2505 τοι]

78 2563 279 2634 Λεωκράτους·
303 2543 516 2632 τετελευτιγκότος
540 2561 597 2634 γαρ
622 2562 733 2617 οἷκαιδος
756 2559 840 2616 oritoni
859 2563 935 2618 όνδείς
959 2560 1036 2632 ἡμῶν
1058 2563 1124 2628 γένει

79 2673 218 2739 tyyvrtpo
238 2671 315 2722 g⁶²²⁹·
350 2669 386 2732 In
415 2671 525 2732 eadem
554 2669 700 2732 nuatione
724 2675 805 2732 tuan
827 2667 1025 2751 reperimus:
1052 2661 1124 2716 nard

79 2793 165 2833 ποιον,
184 2793 269 2836 νομον
287 2795 360 2842 ρανει
368 2795 413 2826 ται
432 2777 536 2844 ἐρήμου
556 2775 630 2831 ὄντος
646 2775 695 2828 τοῦ
715 2779 789 2828 οἴκου
802 2774 861 2830 τούς
878 2773 1020 2845 ἐγγυτάτω
1034 2781 1123 2844 γένους

80 2876 148 2948 ἡμᾶς
165 2877 311 2960 ἐξαγαγὼν
329 2885 356 2932 ἐκ
374 2877 419 2946 τῆς
437 2883 544 2940 ου’σῖαςς
564 2877 606 2932 ὅτι
623 2882 654 2949 vij
677 2886 730 2933 Ata
748 2881 839 2952 πατῄρ
859 2865 892 2950 p'r
909 2877 959 2931 τοῦ
978 2881 1122 2949 τετελευτη-

78 2984 170 3038 κότος·
197 2983 373 3053 ἀντελιγλυδιὶις
390 2983 416 3054 γ’
434 2987 464 3039 εἰς
481 2984 529 3038 τὸν
546 2987 675 3054 πατρῷον
697 2983 778 3039 οἶκον
796 2989 839 3036 καὶ
857 2985 943 3037 οὐκέτι
961 2985 1005 3053 τῆς
1022 2985 1121 3048 οὐσίας,

76 3086 115 3155 ἐφ’
127 3093 143 3154 ι’)
154 3089 304 3155 ἐγκατέλιπε
317 3089 365 3141 τίν
379 3088 445 3152 υίὸν,
464 3092 555 3160 κύριος
568 3090 622 3144 οἷν·
640 3095 660 3144 εἰ
679 3093 706 3145 δὲ
723 3091 770 3164 pap,
787 3092 819 3144 τί
838 3099 894 3142 τῶν
907 3090 998 3154 νόμων
1016 3091 1121 3160 ὄφελον,-

138 3271 141 3280 ’
159 3194 429 3258 Nunecertamen
442 3207 538 3258 restat
556 3198 596 3258 de
611 3199 709 3278 patris
724 3195 946 3260 collocatione.
976 3197 1009 3262 Si
1030 3196 1118 3276 prin·

78 3299 161 3380 cipia
183 3285 314 3362 anobis
337 3301 369 3362 in
391 3300 481 3364 initio
505 3304 575 3383 data
593 3303 807 3390 exsequimur,
830 3302 862 3364 in
881 3303 1036 3366 hocloco
1057 3325 1116 3391 po·

78 3407 220 3478 nendus,
249 3407 283 3468 id
307 3419 372 3481 est,
397 3408 482 3472 inter
502 3431 628 3484 omnes,
658 3410 764 3498 quiin
787 3433 847 3472 avo
869 3433 941 3474 cum
963 3414 1116 3474 defuncto

76 3511 281 3585 conveniunt,
313 3525 404 3594 pater
424 3515 544 3596 primus
572 3517 612 3578 ad
632 3517 842 3580 hereditatem
870 3530 1013 3582 vocatur.
1051 3518 1116 3582 Hie

74 3629 178 3679 autem
205 3640 291 3680 nora
318 3604 485 3684 difficultas
517 3623 610 3686 nobis
632 3624 791 3696 occurrit,
823 3645 896 3686 num
924 3639 1014 3707 pater
1043 3599 1118 3690 cum

74 3723 224 3786 fratribus
246 3725 328 3801 suis,
344 3727 390 3789 ‘id
412 3741 475 3801 est,
505 3717 575 3792 erim
599 3731 741 3794 defuncti
761 3732 881 3812 patruis
908 3735 1115 3798 hereditatem

75 3831 252 3910 acceperit,
275 3855 450 3921 omnesque
472 3836 504 3898 in
525 3836 641 3918 stirpes
662 3841 731 3900 eam
753 3838 935 3912 diviserint,
964 3862 1002 3902 an
1024 3854 1115 3923 pater

72 3939 161 3998 solus
183 3937 390 4004 hereditatem
407 3956 596 4006 consecutus
613 3943 662 4016 sit,
674 3956 872 4032 patruosque
894 3947 1038 4009 defuncti
1057 3970 1112 4030 pa·

74 4055 127 4102 tre
150 4053 278 4107 mortuo
294 4049 420 4142 demum
443 4049 581 4114 heredes
603 4049 679 4114 facti
700 4051 772 4113 sint.
809 4050 907 4123 Loci,
934 4075 975 4116 cx
996 4054 1113 4137 quibus

15 4183 17 4196 ι
75 4151 139 4249 hoe
160 4151 353 4217 constituere
374 4153 547 4236 possimus,
569 4177 634 4218 non
656 4169 795 4228 exstant,
825 4157 900 4245 quia
922 4159 991 4223 siue
1013 4137 1121 4224 dubio

15 4281 16 4314 ι
73 4258 137 4319 hoc
158 4277 234 4320 raro
256 4257 431 4335 incidebat,
459 4275 551 4344 pater
573 4265 657 4328 harad
678 4285 753 4327 raro
774 4263 836 4346 jam
864 4278 1008 4330 mortuus
1028 4281 1110 4346 crat3
