2846 5018
109 2537 222 2655 Quae
235 2527 305 2620 irio
328 2548 511 2619 emittitur
537 2543 760 2630 dissertatio,
786 2545 956 2640 prinritus
981 2545 1021 2612 in
1044 2566 1151 2640 pecu-
1192 2553 1196 2568 “
1327 2571 1331 2584 ·

111 2667 240 2736 liarem
266 2663 370 2736 illum
386 2685 494 2732 usum
517 2662 724 2758 conscripta
742 2673 809 2745 est,
830 2674 870 2730 ut
892 2658 1014 2730 ordini
1035 2658 1151 2732 Juris-

108 2785 360 2856 consultorum
389 2805 458 2880 pro
491 2805 638 2854 summo
668 2781 809 2859 honore
843 2779 1051 2852 aoademioo
1080 2782 1151 2852 rite
1279 2804 1282 2810 ’

108 2903 310 2979 obtinendo
351 2893 590 3001 proponatur.
658 2905 762 2974 Nune
794 2923 882 2975 vero
918 2925 1032 2997 quum
1065 2925 1148 2974 eam

105 3025 256 3122 prodire
285 3040 322 3098 et
341 3026 477 3123 publici
502 3027 607 3121 quasi
630 3027 726 3119 juris
760 3025 837 3096 lieri
870 3025 1009 3120 patiar,
1043 3047 1090 3096 ne
1108 3023 1150 3096 id

107 3168 226 3217 vanae
258 3149 497 3220 ostentationi
530 3142 711 3219 nituntur
743 3145 1031 3245 opprobriumve
1062 3145 1150 3218 inde
1192 3239 1199 3250 x

107 3268 199 3339 mihi
224 3255 377 3340 existat!
410 3268 455 3340 ld
474 3271 572 3340 enim
595 3271 717 3342 solum
742 3269 857 3383 V⁰¹¹¹2it
883 3281 924 3340 ut
936 3290 1023 3367 pars
1041 3288 1150 3364 qma-

108 3387 194 3459 danr
219 3389 394 3465 historiae
413 3393 509 3486 juris
532 3391 718 3488 hueusque
739 3391 814 3464 iere
832 3391 995 3484 neglecta
1014 3393 1149 3464 iterum
1222 3459 1224 3462 .

105 3523 299 3580 rovooetur
323 3524 360 3583 et
380 3511 427 3584 ab
447 3515 536 3585 viris
559 3507 697 3599 doctis,
733 3513 794 3608 qui
815 3513 992 3610 plenioris
1015 3512 1150 3584 doetri-

105 3651 177 3702 nae
201 3643 312 3726 atque
336 3634 563 3708 sublimioris
583 3637 791 3728 sagacitatis
816 3633 901 3722 sint,
923 3646 1147 3707 mnaotenu.

104 3752 302 3850 Nunquam
322 3758 447 3828 animo
467 3741 559 3852 mihi
581 3756 774 3849 fingebam,
794 3777 945 3852 prorsus
970 3775 1069 3828 nova
1085 3769 1150 3827 aut

103 3875 187 3969 ipsa
215 3876 256 3947 in
278 3898 320 3948 se
349 3877 520 3950 absoluta
538 3890 576 3948 et
603 3877 765 3973 perlecta
794 3899 854 3948 me
886 3878 1043 3964 eruisse,
1081 3875 1146 3947 sed
1198 3943 1204 3952 .

102 3995 235 4082 velim,
264 3997 357 4070 hanc
383 3993 679 4097 dissertationem
701 4020 749 4068 ex
775 3999 916 4089 origine
935 4017 1021 4085 nra,
1054 4019 1147 4092 quae

101 4114 143 4188 in
168 4115 397 4211 academico,
425 4133 467 4190 ut
490 4120 587 4205 dixi,
620 4142 687 4191 usu
707 4122 779 4192 sita
805 4134 880 4206 est,
900 4117 1069 4214 judicari.
1107 4117 1147 4188 Si

102 4257 157 4320 ea,
186 4241 339 4331 quaein
362 4241 433 4314 hoo
452 4233 629 4337 opusmlo
648 4253 712 4312 aut
728 4239 980 4318 desiderantur
995 4252 1059 4312 aut
1079 4239 1147 4312 mi·
1240 4293 1246 4314 ,
1300 4341 1305 4354 ι
