2846 5018
676 393 725 410 ...
776 368 802 436 2
853 401 897 415 .-

267 464 457 546 constitutae
478 497 568 558 sunt,
597 488 732 572 quiunt
761 490 829 572 ipsa
842 465 986 557 ¹'civitatis
1014 495 1118 560 forma
1146 502 1310 585 alegibus

266 591 446 676 pendebat,
473 591 514 654 ita
537 596 597 656 hae
618 594 658 656 ab
680 595 754 668 illa,
776 609 807 659 et
828 600 955 680 publiea
977 603 1029 666 illa
1050 605 1156 686 legum
1177 606 1244 682 vis,
1272 631 1310 672 ex

266 717 330 779 qua
354 719 426 758 eum
447 697 583 761 civitatis
603 701 831 767 constitutione
852 709 1040 781 cohaerent,
1062 709 1095 772 id
1114 713 1237 788 effecit,
1259 729 1310 790 ut,

267 824 333 884 quo
354 815 502 884 tempore
525 805 635 868 civitas
657 812 697 868 ad
718 821 889 874 extremam
913 815 1140 880 democratiam
1162 823 1311 903 prolapsa

266 1016 443 1078 deveniret.

348 1173 437 1234 Haec
459 1174 499 1234 de
521 1173 668 1236 universa
694 1172 774 1254 juris
798 1178 916 1246 Graeci
938 1179 1048 1244 indole
1069 1187 1220 1265 praelati,
1241 1211 1310 1253 rem

265 1279 366 1360 ipsam
388 1279 616 1362 ingrediamur.

348 1437 513 1500 Familiam
536 1459 669 1522 quoque
687 1441 727 1501 ad
749 1439 911 1507 civitatem
929 1467 1117 1510 conversam
1139 1448 1249 1522 fuisse,
1271 1471 1310 1511 ex

267 1545 319 1616 iis,
342 1547 537 1628 quaemodo
560 1545 706 1620 diximus,
727 1545 790 1628 jam
812 1565 960 1636 apparet,
981 1554 1099 1618 familia
1121 1557 1204 1618 enim
1225 1559 1313 1640 apud

267 1655 410 1714 Graecos
439 1651 574 1715 civitatis
597 1673 690 1714 causa
711 1671 939 1733 conservatur,
969 1673 1001 1720 nt
1026 1661 1144 1742 singuli
1165 1673 1259 1746 gente
1278 1655 1325 1736 'et

267 1758 476 1848 generatione
507 1759 598 1844 quasi
625 1759 695 1842 ipsa
722 1761 755 1824 in
785 1763 919 1854 ciuitatis
946 1767 1205 1828 communionem
1226 1769 1314 1830 redi·

267 1878 393 1947 gantur,
428 1868 502 1929 Huc
523 1861 660 1940 aceedit,
690 1871 779 1952 quod
800 1861 904 1929 civilia
927 1863 1067 1928 et'saera
1088 1869 1147 1929 hac
1170 1869 1237 1948 ipsa
1260 1892 1311 1930 ra-

267 1973 356 2035 tione
379 1973 515 2036 invicem
543 1996 673 2062 semper
701 1998 735 2038 se
763 1973 977 2054 complerent,
1011 1987 1043 2036 et
1068 1993 1155 2036 saera
1174 1974 1313 2063 ¹priuata

268 2081 399 2162 publico
428 2081 574 2144 Deorum
601 2081 699 2146 cultui
724 2079 910 2146 inservient.
951 2079 1078 2164 Quodsi
1105 2081 1313 2144 haecomnia

267 2179 530 2271 complectimur,
553 2185 720 2259 rationem,
742 2207 782 2246 ex
804 2182 865 2270 qua
888 2186 939 2270 jus
958 2187 1192 2252 hereditarium
1212 2187 1313 2250 Athe·

269 2294 427 2358 niensium
447 2293 586 2378 judicari
607 2305 639 2356 et
659 2291 818 2356 aestimari
838 2290 969 2362 debeat,
991 2291 1183 2372 reperimus.
1210 2295 1247 2356 Is
1268 2305 1317 2356 est

266 2397 360 2486 ¹linis,
383 2405 483 2484 idque
495 2403 705 2483 principium
727 2398 813 2480 juris
833 2397 1031 2458 hereditarii
1044 2395 1317 2474 Atheniensium,

267 2498 310 2570 'ut
330 2507 474 2591 familia
499 2511 659 2591 (propter
681 2506 877 2579 ciuitatem)
902 2513 1130 2572 conservetur.
1164 2509 1239 2568 lnde
1263 2529 1316 2568 ex·

270 2615 429 2697 plicantur
450 2617 574 2690 omnia,
606 2636 688 2698 quac
712 2615 752 2674 de
772 2609 901 2674 filiabus
922 2611 1126 2676 hereditariis
1149 2615 1317 2689 constituta

271 2735 359 2812 sunt3
379 2723 454 2786 inde
475 2723 667 2810 adoptiones
690 2711 839 2802 qnoque,
861 2739 944 2810 quae
966 2716 1047 2780 nihil
1068 2721 1155 2782 aliud
1177 2721 1239 2784 nisi
1260 2725 1321 2784 he·

272 2830 360 2893 redis
381 2825 596 2893 institutiones
617 2826 763 2903 fuerant,
791 2825 866 2893 inde
886 2862 925 2873 --
946 2820 980 2886 id
1002 2827 1090 2907 quod
1112 2825 1216 2906 ipsum
1237 2826 1318 2886 illud

274 2937 469 3018 principium
490 2947 538 2998 est
552 2972 592 2985 -
613 2954 745 3016 magnae
767 2932 839 3018 illae
860 2929 1012 3002 l'amiliae,
1035 2929 1209 3016 phratriae,
1231 2951 1318 3014 quae
1410 2955 1411 2980 i

274 3044 549 3130 propinquitatem
572 3039 669 3102 sacris
698 3019 868 3122 gentiliciis
891 3047 1107 3131 cousecratam
1128 3025 1319 3118 repraesen-

273 3164 350 3216 tant.

360 3281 468 3365 Quum
495 3294 599 3344 alitem
628 3301 699 3343 eum
728 3279 906 3343 hereditate
935 3287 1076 3340 sanctum
1105 3270 1220 3338 heredi
1249 3267 1321 3334 offi-

280 3395 365 3460 cium
399 3390 553 3472 illigatum
580 3387 696 3460 fuerit,
729 3399 765 3450 ut
794 3385 981 3472 defunctum
1016 3381 1168 3466 sepeliat,
1195 3389 1229 3440 ct
1255 3397 1324 3438 uon
1410 3385 1411 3390 ’

278 3473 383 3566 solum
405 3495 510 3561 omnia
531 3516 621 3558 sacra
640 3497 681 3556 ad
702 3487 921 3561 hattnationem
943 3488 1130 3574 spectantia,
1151 3487 1210 3552 sed
1231 3483 1326 3548 etiam

284 3607 389 3670 omnia
410 3601 565 3676 familiae,
587 3600 873 3683 cuijus-adoptione
894 3597 978 3668 filius
999 3598 1103 3662 faetus
1125 3607 1210 3666 erat,
1236 3612 1326 3652 saera

193 3757 201 3778 1
283 3713 377 3774 verbi
398 3709 497 3793 gratia
517 3686 649 3772 inferias
672 3709 825 3776 defuncto
841 3702 976 3789 singulis
992 3705 1083 3769 annis
1103 3697 1327 3769 instituendas,

285 3819 445 3902 perficiat,
471 3817 546 3880 inde
568 3816 619 3900 jus
641 3816 872 3880 hereditarium
900 3814 995 3891 etium
1017 3815 1203 3874 adsacrum
1225 3807 1328 3892 quod-

287 3927 360 3988 dam
388 3935 420 3986 et
445 3926 612 4012 religionis
638 3927 879 3990 tundamentum
905 3921 1063 3998 refertur,
1097 3929 1170 3976 nem
1196 3910 1328 3996 qiiaevis

286 4031 373 4094 vitae
395 4031 478 4096 actio
500 4036 585 4118 apud
605 4043 733 4094 veteres
755 4050 860 4116 quum,
874 4028 915 4090 ad
942 4017 995 4088 res
1017 4021 1139 4086 divinas
1161 4028 1329 4084 converte·

289 4148 379 4200 retur
408 4152 440 4200 et
466 4139 508 4202 ad
534 4141 625 4204 Deos
652 4139 739 4222 ipsos
766 4135 959 4219 referretur,
988 4126 1138 4216 superius
1167 4125 1329 4210 quoddam

290 4259 500 4343 assecutaest
520 4231 725 4330 momentum.
