2846 5018
518 385 797 464 1..,...

196 553 260 615 Sed
285 551 448 624 etiamne
469 546 690 610 necessitatem
713 532 850 630 quidem·
870 543 940 605 tali's
957 542 1156 604 terminatio·

114 660 165 724 nis
186 681 204 722 e
225 655 432 738 naturajuris
446 653 634 717 hereditarii
651 650 895 715 Atheniensium
913 648 1061 710 invenire
1081 662 1158 730 post

116 772 235 832 sumus,
268 755 495 833 Coneetlimus,
517 762 607 843 quod
624 757 912 821 infraaccuratius
931 775 1155 838 exsequemur,

115 877 167 958 jus
188 869 420 938 hereditarium
446 886 518 930 cum
542 866 640 932 sacris
663 873 695 927 et
714 862 883 928 funeribus
907 862 1083 924 arctissime
1104 875 1158 923 co'·

117 987 271 1058 haererc3
293 1003 311 1041 e
332 977 441 1038 verbis
454 987 559 1037 autem
577 971 803 1036 Demosthenis
823 973 1044 1034 adv.Maca1t.
1067 975 1159 1032 1071.

114 1098 232 1161 γυναῖκα
250 1088 277 1138 δὲ
294 1084 334 1155 μή
351 1083 443 1140 ἐξεῖναι
462 1085 556 1138 εἰςιὲναι
575 1084 605 1137 sis
622 1081 658 1134 roi
675 1079 725 1134 τοῦ
743 1079 941 1141 ἀποθανόντος,
964 1077 1027 1148 μηδ’
1047 1077 1162 1130 ἀκολου-

115 1197 173 1248 θεῖν
191 1192 371 1250 ἀποθανόντι,
398 1186 466 1241 ὅταν
489 1191 519 1244 εἰς
536 1188 573 1240 roi
590 1187 702 1254 σήματα
721 1185 839 1256 ἄγηται,
863 1183 932 1241 ἒντὸς
957 1181 1076 1254 ἑξήκοντ’
1094 1181 1161 1236 ἐτῶν

117 1306 260 1370 γεγονυῖαν
277 1295 349 1366 nida
368 1293 430 1347 ὅσαι
449 1293 518 1347 turcis
552 1289 707 1359 ἀνεψιαδῶν
725 1293 770 1342 εἰσί
791 1311 815 1344 κ.
831 1309 855 1343 τ.
874 1289 902 1343 λ.
917 1289 1079 1354 successio
1098 1287 1162 1353 illis

117 1405 218 1466 tribus
240 1402 392 1484 gradibus
412 1397 511 1458 finitis
532 1395 698 1458 terminata
726 1395 766 1456 sit
787 1415 920 1472 necesse
941 1417 1010 1458 esse
1031 1397 1162 1458 minime

119 1509 267 1572 concludi
288 1515 406 1596 potest.
442 1505 567 1566 Eodem
594 1505 691 1566 modo
715 1504 857 1566 odicium
880 1503 996 1566 caedis
1009 1507 1162 1567 tilciscen-
1181 1483 1183 1490 ¹

119 1617 179 1677 dae
207 1625 302 1696 atque
333 1609 524 1697 expiandae,
557 1628 653 1704 quam
681 1601 785 1691 legem
818 1610 1054 1673 Demosthenes
1088 1602 1170 1672 adv,

117 1723 254 1782 Macart.
278 1722 367 1780 1068.
388 1716 509 1788 recitat,
532 1729 563 1778 et
585 1716 765 1778 Bunsenius
784 1716 869 1778 inter
889 1730 1074 1798 argumenta
1095 1739 1166 1800 gra-

118 1825 247 1886 vissima
269 1835 432 1898 numerat,
462 1821 541 1886 nihtt
557 1822 778 1904 ‘demonstran
801 1845 872 1886 uam
894 1823 979 1886 inter
998 1827 1070 1893 hos,
1092 1823 1164 1907 qui·

118 1931 178 1994 bus
199 1933 263 1993 hoc
282 1930 425 1992 officium
444 1929 636 2009 'impositum
659 1934 723 2001 est',
751 1929 774 1991 ii
796 1952 929 2014 quoque
951 1929 1165 2002 nominantur,

119 2035 175 2120 qni
195 2036 228 2098 in
251 2035 456 2106 successione
473 2033 669 2094 hereditaria
687 2048 846 2116 nusquam
864 2047 1166 2108 commemorantur,

118 2155 154 2203 ut
172 2155 268 2203 socer
289 2139 470 2210 (πενθερὸν),
494 2157 595 2218 gener
622 2137 803 2206 (sensuit).
828 2139 922 2200 etiam
943 2143 1124 2220 phratores.

203 2247 413 2326 Quantopere
424 2257 530 2305 autem
542 2247 623 2306 haec
635 2242 817 2305 terminatio
831 2242 897 2326 juri
911 2245 1059 2308 humiliari
1067 2249 1164 2312 Athe·

118 2351 278 2414 niensium
307 2351 519 2425 contradicat,
548 2373 588 2412 ex
610 2349 778 2431 paucis'in
806 2352 1007 2433 praefatione
1036 2355 1076 2416 de
1102 2357 1167 2418 hoc

117 2457 191 2541 jure
213 2456 304 2520 dietis
325 2456 508 2542 apparebit;
530 2479 603 2518 uam
625 2477 723 2539 quum
746 2449 959 2522 Athenienses
981 2461 1113 2524 omniuo
1134 2462 1169 2524 id

118 2577 328 2654 appeterent,
358 2583 399 2624 ne
418 2561 538 2624 familia
560 2563 809 2638 dissolveretur,
833 2577 1078 2650 'proptereaque
1098 2567 1167 2630 illas

118 2691 251 2754 magnas
279 2668 413 2732 familias
441 2680 477 2728 ut
496 2669 655 2750 phratrias
677 2669 894 2744 instituerent,
922 2682 954 2733 ct
979 2675 1043 2736 hoc
1068 2677 1167 2737 modo

121 2777 271 2838 familiam
300 2759 699 2854 conservaresumerent,
728 2776 780 2839 illa
807 2777 1031 2842 terminatione
1060 2781 1167 2844 omnia

122 2883 387 2964 pertubarcnttu·,
418 2903 500 2965 quae
531 2883 731 2964 perturbatio
761 2886 910 2965 exemplo
938 2886 1038 2968 magis
1067 2909 1164 2975 appa·

122 2989 224 3055 rabit:

204 3845 237 3906 Si
258 3867 344 3908 natac
364 3848 423 3910 hae
437 3846 661 3912 terminatione
676 3850 806 3923 utimur,
828 3849 1051 3922 hereditatem,
1073 3871 1169 3934 quam

123 3948 151 4011 C
173 3949 342 4035 relinquit,
367 3955 394 4014 B
422 3953 554 4041 accipit3
582 3955 655 4038 quis
681 3969 874 4020 autemnon
901 3956 1078 4043 intelliget,
1105 3960 1170 4020 hoc

76 4138 83 4149 ι
121 4057 222 4117 inodo
250 4071 417 4125 exaemum
436 4059 470 4120 in
490 4061 642 4124 familiam
663 4059 690 4125 C
718 4075 884 4144 receptum
908 4081 995 4141 esse·;
1023 4065 1098 4126 dum
1122 4065 1170 4126 Α·

122 4161 179 4244 qni
206 4160 240 4224 iu
266 4167 378 4229 eadem
398 4165 517 4228 familia
539 4181 603 4240 est,
630 4181 766 4249 propter
786 4171 867 4234 hanc
885 4167 1044 4252 iniquam,
1072 4183 1107 4232 ut
1127 4169 1171 4232 ita

121 4269 245 4344 dicam,
265 4273 537 4347 terminationem,
558 4274 639 4340 nihil
659 4273 783 4358 accipit.¹
