2846 5018
670 372 920 459 ...ψῃ-τ

266 526 345 590 loco
366 525 407 588 ad
427 531 505 593 τρεῖς.
511 524 583 596 ,χόας
593 523 766 610 pertinere
793 546 858 589 non
880 535 995 608 potest.
1030 526 1104 592 Hoc
1124 529 1225 592 modo
1254 532 1316 600 Ar·

270 635 356 696 chon
369 627 689 717 ,temporisaspatium
700 629 827 716 ¹prioris
842 631 999 703 orationis
1021 631 1238 706 constituendi
1258 661 1318 718 po.

269 750 414 804 testatem
434 736 584 812 habuisse
604 735 761 802 videtur-1
812 794 821 809 ,
1058 816 1060 824 ¹
1222 793 1226 802 .

319 922 322 929 Ι
342 842 519 940 ΙΑεῳιίεἰῑει
531 841 734 922 hereditate,
760 842 789 906 si
810 845 920 926 plures
943 860 1048 909 essent
1069 847 1320 954 heredes,pn1·.

267 950 340 1014 titio
365 949 598 1017 instituebatur.
635 951 720 1015 Ante
741 951 947 1034 partitionem
976 968 1083 1015 autem
1106 953 1201 1018 liberi
1229 979 1319 1020 com·
1363 985 1366 992 ·

174 1101 175 1106 κ
265 1057 454 1125 mentalium
474 1059 634 1128 bonorum
657 1059 982 1128 omnium-conficere
1003 1055 1160 1133 solebant,
1181 1073 1215 1124 ut
1235 1037 1316 1146 legi-
1403 1040 1406 1063 ¹

264 1185 337 1230 mus
357 1163 626 1235 inDemosthane
643 1186 706 1254 pro
724 1167 858 1229 Phorm.
877 1203 918 1216 -
937 1167 1065 1227 Patrem
1086 1165 1194 1228 vivum
1218 1191 1316 1251 saepe

266 1272 362 1336 talem
377 1271 582 1353 partitionem
598 1270 664 1353 jam
677 1269 859 1348 fecissemus
875 1270 1044 1336 Demosth.
1058 1288 1138 1335 orat.
1155 1275 1228 1335 adv.
1248 1281 1315 1338 Ma·
1373 1255 1379 1266 ⁸
1403 1296 1405 1313 ¹

253 1353 345 1463 ¹icant.
364 1381 461 1472 Ι1055
494 1377 712 1468 intelligimus.
744 1380 843 1446 Haec
874 1377 979 1440 ournia
1011 1394 1117 1444 autem
1146 1401 1212 1444 non
1242 1385 1313 1466 lege

265 1482 371 1570 jussa,
394 1485 457 1550 sed
484 1495 519 1548 ut
538 1465 634 1552 muita
662 1483 725 1550 alia
746 1481 879 1571 ‘injure
906 1485 1053 1548 Romano
1074 1487 1315 1552 accuratissime

267 1591 455 1664 constituta,
476 1590 510 1654 in
532 1588 690 1674 cujusque
710 1590 845 1652 arbitrio
868 1590 974 1670 posita
997 1602 1097 1654 erant.

252 1765 257 1772 ,
347 1697 383 1764 Si
402 1719 489 1762 nuuc
509 1713 689 1764 extremum
713 1697 793 1762 illud
815 1697 1011 1784 quaerimus,
1041 1717 1115 1760 num
1136 1698 1311 1787 heredibus

256 1802 310 1880 jab
331 1802 690 1873 hereditate-abstinere
712 1803 904 1886 permissum
922 1800 1022 1868 suerit
1040 1782 1151 1876 necne,
1173 1805 1206 1868 in
1227 1809 1314 1870 hunc
1415 1821 1418 1838 ¹

251 1908 397 1994 ,modim
412 1910 453 1974 ad
467 1909 564 1976 talem
582 1908 806 1996 quaestionem
820 1912 1023 1998 respondere
1040 1931 1225 1992 possumus:
1244 1915 1314 1974 He·
1404 1980 1406 1993 ‚

259 2035 318 2078 res
339 2025 529 2084 testamento
549 1995 727 2090 institutus,
748 2038 847 2104 qutun
866 2019 1035 2080 defunctus
1056 2019 1218 2080 voluntate
1236 2019 1309 2102 ipsa
1402 2092 1406 2111 Ι

261 2120 365 2186 filium
385 2119 484 2192 talem
505 2121 749 2196 declaras-isset,
771 2144 933 2208 nunquam
954 2123 996 2186 ab
1016 2111 1194 2188 hereditate
1215 2124 1309 2189 absti-

263 2249 346 2294 nere
365 2228 489 2311 pauiu
519 2229 547 2294 si
568 2229 654 2296 enim
681 2232 746 2296 hoc
767 2230 882 2308 heredi
903 2241 1089 2294 testamento
1111 2231 1253 2296 instituto
1275 2232 1308 2294 li-

260 2335 396 2410 cuisset,
421 2335 665 2404 fundamentum
692 2336 790 2402 totins
818 2335 899 2419 juris
928 2336 1134 2411 hereditarii,
1163 2341 1251 2424 quod
1279 2340 1311 2401 in

256 2463 307 2508 eo
326 2441 467 2524 positum
489 2454 553 2518 est,
574 2453 609 2504 tu
633 2443 776 2508 defuncti
798 2445 912 2506 domus
933 2456 1164 2520 conservetur,
1194 2447 1313 2509 subdu-
1404 2482 1407 2517 ς

250 2569 421 2635 ,petemus
463 2547 600 2616 Ceteros
618 2552 775 2625 heredes,
796 2550 856 2612 nisi
882 2569 953 2617 sese
971 2548 1037 2632 jam
1057 2551 1309 2625 immiscuerunt,
1405 2572 1407 2587 ¹

257 2677 307 2724 se·
320 2657 458 2726 heredes
474 2677 545 2744 esse
561 2658 659 2742 nolle,
676 2658 842 2720 declarare
864 2655 1018 2743 potuisse,
1037 2679 1077 2720 ex
1089 2661 1310 2722 Demosthene
1399 2612 1408 2679 ¹

263 2765 338 2830 adv.
366 2763 486 2830 Lacrit.
507 2769 569 2828 924
595 2763 688 2850 sequi
719 2763 858 2828 videtur.
897 2765 1072 2831 Hereditas
1099 2781 1191 2839 tunc,
1220 2782 1309 2849 puto,
1406 2778 1408 2787 '

260 2871 423 2955 proximo.
445 2871 501 2958 qui
523 2872 700 2939 secutodum
720 2870 957 2937 successionem
985 2873 1026 2935 ab
1047 2873 1193 2934 intestato
1213 2876 1311 2934 heres

262 2993 328 3052 est,
349 2978 510 3058 desertum
531 2989 676 3044 attamen,
690 2980 755 3045 hoc
776 2970 1121 3064 qttoqttep1·ivilegium
1143 2977 1193 3039 his
1215 2979 1312 3043 itere-

264 3083 360 3148 dibus
380 3085 450 3150 sine
472 3085 571 3150 dubio
590 3085 800 3160 adimebatur,
822 3085 849 3146 si
870 3086 1038 3151 defunctus
1059 3084 1136 3172 quid
1155 3083 1310 3166 reipubli-

253 3213 324 3254 cae
345 3191 522 3282 debueram
543 3214 615 3257 narn
635 3195 718 3256 haec
738 3213 866 3274 semper
882 3193 921 3254 ab
940 3192 1112 3256 heredibus
1133 3191 1310 3276 suscipien-

262 3301 308 3364 da
326 3299 592 3390 fuisse,constnt‚
613 3311 646 3364 et
664 3321 761 3364 nemo
783 3301 940 3368 heredum
962 3299 1037 3364 huic
1063 3298 1174 3376 officip
1198 3301 1311 3360 deesse

253 3406 427 3488 potuisse,
453 3403 518 3490 iam
542 3429 584 3472 ex
611 3429 652 3472 eo
673 3423 823 3492 apparet,
851 3405 945 3494 quia,
973 3405 1001 3468 si
1027 3406 1119 3494 prior
1146 3407 1241 3467 heres
1269 3407 1309 3470 ab
1412 3420 1415 3493 Ι

263 3513 446 3580 hereditate
466 3513 629 3580 abstinere
644 3513 811 3598 potuisset,
832 3514 898 3578 hoc
915 3511 1062 3600 sequenti
1076 3507 1319 3599 iniquissimum.
1414 3512 1416 3567 i

262 3617 387 3686 fuisset.
