2846 5018
347 461 455 540 Qumn
477 462 576 545 igitur
595 463 692 547 hirjats
712 465 946 536 temuiastionis
968 471 1154 553 pravitatem
1175 476 1219 538 ed
1240 475 1312 540 evi·

261 564 418 640 dentiam,
438 579 472 630 ut
492 589 555 652 ego
577 569 709 654 quidem
729 585 827 654 puto,
855 576 1198 654 demonstraverimus,
1220 603 1312 648 niano
1396 615 1397 654 ι

262 695 303 738 eo
323 673 449 738 laeilius
466 673 538 740 illos
558 677 662 754 locos,
685 679 742 762 qui
764 681 846 744 imno
867 681 1122 748 terminationem
1141 689 1311 774 expressis

259 778 369 844 verbis
397 781 620 862 prontrotiant,
647 785 791 849 refutare
819 807 1000 873 possumus.
1038 789 1083 854 Hi
1110 803 1215 856 autem
1240 796 1315 860 loci¹

258 883 291 948 in
313 885 396 950 isaei
421 887 569 952 oratione
599 891 640 954 de
666 892 770 974 Hagu.
793 894 862 960 her.
884 894 979 958 nobis
1010 910 1201 973 oeemunnt,
1232 919 1321 966 nam·

258 995 320 1056 210
340 995 469 1058 Isaeusg
491 995 506 1048 ὁ
523 995 550 1050 ὁὶ
569 997 663 1060 νόμοι,
681 995 796 1080 inquit,
812 1004 872 1069 περὶ
886 999 1008 1071 ἀδελφοῦ
1021 1005 1183 1072 χρημάτων
1196 1007 1313 1077 πρῶτον

256 1097 379 1170 α’ὄιλφοῖι
402 1121 428 1154 τι
454 1106 498 1154 καὶ
518 1101 665 1171 ἀδελφιδοῖς
682 1109 802 1172 πεποίηκε
819 1104 870 1178 τὴν
888 1106 1089 1175 κληρονομίαν,
1107 1110 1144 1164 ἀν
1161 1109 1228 1166 ὦσιν
1246 1113 1314 1180 ὀμο-

257 1205 386 1276 adrepet·
407 1206 489 1262 τοῦτο
514 1206 572 1278 yda
597 1209 740 1278 lyyvaeiw
764 1207 814 1262 τοῦ
838 1210 1044 1282 τελευτήσαντα
1065 1219 1138 1284 piros
1160 1221 1245 1270 ἐστίν·
1265 1218 1314 1274 ι’ἀν

256 1307 279 1360 δ’
299 1305 375 1364 οὗτοι
392 1310 431 1382 μή
450 1310 509 1376 ὦσι,
528 1313 653 1384 ὁιὺτιρον
671 1312 786 1384 adripuit
804 1315 971 1386 ὁμοπατρίας
984 1318 1062 1372 καλεῖ
1077 1324 1122 1372 καὶ
1137 1323 1231 1376 auidos
1249 1325 1313 1380 roris

255 1421 283 1468 ἐκ
300 1413 486 1495 reiteratur
504 1421 530 1472 di
548 1417 587 1490 μή
607 1415 672 1480 οἷσι,
689 1424 772 1488 spirtp
790 1424 857 1492 μ’νιι
875 1419 969 1476 δίδωσι
987 1423 1037 1495 τὸν
1055 1425 1227 1497 α’γχιστιὶαν,
1246 1431 1308 1484 οἰνι-

254 1526 322 1592 ψιοῖι
339 1521 406 1592 πρὸς
424 1524 527 1594 πατρὸς
543 1529 639 1592 μέχρις
658 1523 774 1592 ἀνεψιῶν
791 1526 910 1580 παίδων·
937 1529 984 1583 inlr
1002 1531 1029 1584 dl
1048 1536 1092 1584 nal
1111 1531 1182 1585 τοῦτ’
1200 1533 1305 1600 ἐκλείπῃ

252 1625 285 1678 τὸ
303 1632 388 1698 γένος,
412 1629 495 1680 πάλιν
512 1632 686 1698 ἱπανέρχιται
711 1634 755 1682 καὶ
768 1629 844 1686 'aaran'
864 1631 923 1688 τοὺι
941 1634 1006 1702 apos
1022 1635 1127 1704 atneptis
1151 1635 1200 1688 τοῦ
1217 1636 1303 1690 radar-

256 1732 386 1801 tp'aarrot
413 1737 518 1802 κυρίους
543 1734 649 1796 odada,
677 1733 748 1819 aare
773 1735 861 1790 ταύτά
885 1735 1008 1803 καθάπερ
1033 1745 1086 1790 τοῖς
1109 1739 1177 1805 πρὸς
1202 1741 1309 1810 πατρὸς

256 1833 379 1907 sinaxis
395 1837 481 1890 tatano
506 1837 556 1909 τὸν
573 1839 768 1928 »apportata
792 1843 883 1904 Haeo
900 1838 1117 1924 verbm-quae
1131 1841 1305 1924 harenisque

256 1961 402 2024 maguam
421 1943 698 2024 perturbationem
717 1947 750 2012 in
773 1950 855 2012 hane
871 1943 952 2030 juris
969 1944 1155 2026 hereditarii
1175 1957 1302 2027 partem

257 2045 447 2119 intulerunt,
477 2061 509 2112 et
530 2071 615 2139 quae
643 2053 837 2118 sanctissima
864 2066 961 2140 atque
987 2051 1182 2118 inviolabilia
1201 2053 1303 2116 habe·

256 2153 381 2243 bantur,
403 2154 537 2238 primus,
559 2158 619 2222 nisi
636 2160 742 2232 fallor,
766 2157 802 2223 C.
818 2160 848 2222 F
849 2182 876 2225 r.
893 2163 1097 2225 Hermannas
1118 2158 1166 2239 (in
1187 2179 1300 2222 reeen-

256 2259 382 2344 aione),
404 2273 435 2326 et
456 2261 587 2348 quidem
608 2265 742 2336 merito,
774 2265 918 2326 dolosam
937 2264 1018 2345 legis
1039 2266 1307 2344 depravationem

257 2367 443 2438 nominarit.
477 2373 557 2434 Tota
580 2369 811 2452 argumentatio
839 2368 871 2432 in
900 2371 960 2432 hac
981 2369 1065 2432 Isaei
1094 2370 1244 2433 oratione
1264 2392 1308 2436 eo

249 2487 389 2556 spectat,
410 2491 445 2540 ut
461 2476 585 2560 judiees
608 2477 684 2539 dolo
704 2478 786 2540 malo
807 2474 951 2540 oratorio
966 2474 1176 2558 decipiantur.
1198 2475 1308 2558 Prop-

258 2593 347 2646 terea
374 2606 439 2647 non
463 2584 579 2647 strictis
606 2583 733 2656 verbis,
761 2585 818 2648 sed
843 2582 909 2646 suis
934 2581 1044 2646 verbis
1066 2592 1178 2645 orator
1198 2583 1307 2664 legem

255 2690 383 2755 recitarg
404 2697 475 2758 271,
497 2694 596 2748 ταύτας
611 2701 673 2745 ποεῖ
688 2690 733 2745 eois
752 2691 906 2761 oyyasrdas
926 2691 941 2742 ὁ
958 2689 1103 2760 νομοθέτης
1125 2689 1225 2752 μόνοι,
1245 2706 1306 2740 ουν-

256 2803 415 2868 τομωτίρωι
436 2809 489 2854 τοῖς
506 2798 626 2870 ῥήμασιν
645 2798 666 2868 p*
680 2801 733 2867 ἐγὼ
748 2797 857 2868 ppido,
872 2795 922 2866 teja
936 2800 1026 2860 μέντοι
1038 2794 1161 2848 διάνοιαν
1179 2791 1218 2846 ω”ν
1236 2795 1301 2854 aad·

255 2903 331 2954 λιται
349 2905 437 2972 ταύτῃ
455 2905 604 2958 delatrarem.
634 2904 675 2965 Et
700 2923 815 2964 revera
843 2923 908 2964 non
938 2903 1041 2964 solum
1062 2912 1137 2964 tune
1163 2898 1299 2981 judices,

256 3010 313 3070 sod
335 3031 445 3122 pmnes
466 3011 631 3094 usquead
652 3021 798 3072 nostrum
819 3029 933 3070 aevum
955 3008 1063 3072 isaeus
1081 3006 1236 3080 fefellisse
1252 3005 1300 3068 vi·

256 3118 359 3179 detur.

334 3273 441 3353 Quarum
460 3283 564 3336 autem
584 3271 648 3354 jam
661 3261 700 3334 'in
722 3255 989 3353 praecedentilius
1010 3291 1049 3331 ex
1070 3278 1179 3330 natura
1201 3278 1233 3330 et
1253 3288 1301 3329 ra-

255 3377 344 3441 tione
371 3377 468 3442 totius
488 3378 569 3461 juris
595 3377 839 3444 Atheniensium
866 3359 930 3440 nos⁴
953 3371 1187 3440 demonstrasse
1208 3387 1299 3458 pute·

256 3503 342 3557 mus,
368 3486 463 3548 talem
483 3485 739 3550 terminationem
766 3487 887 3548 nullum
909 3485 1016 3546 locum
1038 3483 1071 3545 in
1087 3481 1173 3546 linea
1195 3493 1226 3544 et
1248 3482 1300 3542 de·

257 3591 430 3655 scendente
455 3603 486 3656 et
512 3596 703 3656 ascendente
723 3593 845 3656 habere
872 3611 984 3673 posse;
1012 3601 1047 3652 ut
1066 3611 1178 3652 omnes
1197 3591 1298 3660 locos,

229 3776 232 3785 Ι
258 3697 315 3780 qni
340 3697 373 3761 in
400 3699 459 3763 hae
482 3698 563 3762 lsaei
585 3699 732 3762 oratione
752 3700 834 3761 hane
853 3699 959 3780 legem
981 3697 1059 3759 dolo
1079 3696 1164 3758 malo
1186 3695 1298 3776 depra-

256 3815 360 3866 vatam
382 3805 574 3880 defendunt,
595 3805 767 3868 recitemus
789 3825 872 3891 opus
894 3823 959 3865 aon
981 3824 1051 3865 esse
1071 3800 1210 3864 videtur.

337 3975 443 4040 Unum
463 3979 571 4042 locum
593 3985 712 4047 autem,
741 3995 838 4058 quem
858 3973 1040 4038 Bussenius
1060 3994 1212 4056 magnum
1231 3993 1300 4036 sen·

256 4079 374 4146 tentiae
394 4101 472 4146 suae
493 4092 712 4166 argumentum
729 4080 846 4164 posuit,
867 4079 1124 4163 praetermittere
1145 4103 1211 4144 non
1225 4102 1297 4163 pos·

257 4209 346 4266 siam,
373 4189 448 4274 qnia
477 4189 608 4254 omuino
637 4188 833 4254 contrarium
854 4187 1033 4277 opinionis,
1062 4210 1158 4275 quam
1180 4191 1298 4252 Batnae·
