2846 5018
710 391 955 466 ...34-

316 543 455 616 videtur,
477 551 700 604 testamentum
721 543 838 606 toliere
859 543 891 606 io
910 546 1051 610 testantis
1068 547 1202 614 arbitrio
1218 555 1386 634 positum

318 649 434 729 inisse,
461 669 502 711 ex
524 647 589 712 hoc
609 671 690 712 vcro
718 651 850 714 omnino
871 655 1066 717 contrarium
1096 629 1188 721 nohis
1209 666 1387 738 occurrit,

317 755 462 818 testatori
484 755 589 826 cnitn,
616 767 729 818 orator
749 758 934 840 exprimere
961 759 1107 838 ridetur,
1136 765 1177 828 ad
1196 775 1388 833 testamen·

318 873 385 924 tum
406 863 582 924 tollendum
601 863 824 944 adoptatorum
844 885 1036 930 consensum
1049 889 1131 951 opus
1144 871 1253 936 fuisse.
1276 876 1385 939 Bttn-

319 967 426 1032 senius
449 969 532 1030 hanc
554 965 795 1052 discrepantiam
820 989 862 1033 eo
883 991 1054 1036 removere
1078 977 1198 1050 studet,
1219 983 1323 1063 quod
1350 983 1387 1044 in

320 1073 467 1135 oratione
489 1075 530 1135 de
550 1069 717 1153 Cleonym.
740 1078 852 1142 hered.
878 1077 919 1139 dc
939 1077 1049 1158 legatis
1069 1087 1208 1157 tantum,
1233 1105 1309 1148 non
1341 1091 1386 1151 de

321 1181 451 1244 heredis
471 1180 668 1244 institutione
687 1183 852 1266 loquatur.
874 1185 948 1247 Hoc
964 1199 1067 1248 autem
1087 1185 1120 1249 in
1142 1192 1202 1253 hac
1214 1193 1389 1256 oratione

322 1307 474 1372 nusquam
497 1288 677 1372 reperitur,
706 1290 764 1351 sed
789 1289 823 1351 iu
851 1289 1003 1354 ambabus
1025 1291 1223 1358 orationibus
1245 1298 1289 1358 de
1318 1301 1387 1362 he-

321 1393 453 1460 redibus
477 1416 585 1458 sermo
614 1406 673 1458 est.
716 1397 807 1458 Haec
829 1396 1041 1484 discrepantia
1062 1397 1180 1484 optime
1210 1400 1389 1488 conjungi

322 1512 467 1590 possunt,
488 1500 516 1564 si
534 1501 708 1578 statuimus,
730 1489 915 1566 testatorem
928 1514 1148 1568 testamentum
1164 1503 1284 1570 tollere
1313 1473 1396 1592 poi

321 1607 421 1670 tuisse
450 1626 516 1670 nott
543 1610 647 1671 solum
673 1607 863 1683 heredibus,
890 1610 946 1694 qui
973 1623 1140 1692 praeterea
1167 1611 1237 1676 sine
1265 1617 1376 1678 dubio

323 1713 508 1795 saepissime
528 1735 564 1776 se
585 1735 657 1776 esse
677 1715 816 1778 heredes
834 1715 1036 1790 nesciebant,
1059 1717 1285 1793 nescientibus,
1309 1721 1374 1782 sed

324 1819 418 1882 ctiam
446 1819 620 1882 heredibus
649 1821 689 1883 de
718 1821 778 1884 hac
807 1841 844 1884 re
874 1821 1066 1885 certioribus
1094 1823 1208 1897 factis,
1233 1824 1374 1886 minime

324 1938 428 1988 atttctn
450 1925 623 1988 heredibus
644 1925 930 2006 consentientibus;
952 1949 1023 1990 nam
1045 1931 1108 1992 hoc
1128 1933 1245 2012 posito,
1263 1939 1365 1990 testa·

323 2045 427 2095 torem
449 2053 553 2115 paene
574 2055 734 2117 nunqnam
759 2045 977 2097 testamentum
998 2037 1111 2098 tollere
1132 2035 1281 2117 potuisse,
1307 2033 1363 2094 in·

324 2140 496 2224 tciligctur.
530 2141 612 2221 Quis
634 2141 719 2203 enim
735 2140 869 2223 cogitari
890 2151 1006 2223 potest,
1029 2141 1086 2225 qui
1100 2139 1372 2206 exhereditatiooi

326 2267 403 2309 suac
424 2247 635 2310 assentiatur?
670 2247 703 2310 Si
724 2258 816 2334 pater
843 2245 964 2309 liberos
990 2267 1065 2310 sttos
1085 2247 1246 2329 legitimos
1265 2229 1371 2308 exhe-

324 2355 420 2418 redes
448 2355 595 2418 seribere
619 2354 724 2435 potuit
753 2373 818 2416 non
840 2365 1023 2437 exspectans
1049 2375 1165 2420 eornm
1191 2373 1374 2426 assensum,

327 2481 423 2543 quem
451 2461 498 2522 itti
522 2460 591 2522 sine
613 2459 712 2522 dubio
735 2461 984 2534 recusavissent,
1013 2483 1071 2524 cur
1090 2459 1153 2542 ipsi
1175 2460 1374 2549 permissum

327 2579 392 2632 nort
411 2565 541 2641 fuisset,
563 2577 597 2629 ut
617 2565 710 2630 etiam
731 2569 830 2643 aiios,
850 2580 884 2632 ut
904 2567 1064 2643 libuisset,
1083 2567 1262 2632 exheredes
1283 2566 1373 2628 scri·

325 2675 440 2739 beret?
959 2675 965 2682 ’

574 2978 630 3052 Dc
655 2975 849 3050 heredibus
874 2973 1120 3049 instituendis.

413 3196 505 3275 Quae
533 3215 692 3276 personae
719 3193 858 3258 heredes
879 3191 999 3254 institui
1020 3190 1158 3271 possint,
1190 3194 1216 3255 si
1240 3191 1361 3275 quaeri

330 3323 417 3373 mus,
439 3301 502 3384 jam
523 3323 565 3365 ex
586 3305 690 3366 adhuc
716 3301 806 3363 dictis
828 3300 1011 3382 apparebit,
1031 3317 1160 3370 omnes,
1187 3297 1307 3382 quibus
1333 3317 1367 3360 ex

329 3409 454 3493 iegibus
475 3408 687 3472 hereditatem
708 3408 797 3470 adire
817 3407 947 3478 licebat,
968 3405 1026 3489 qui
1045 3404 1190 3488 adoptari
1210 3413 1366 3488 poterant.

324 3515 445 3580 Civem
468 3515 564 3598 igitur
590 3518 688 3578 talem
709 3535 779 3577 esse
802 3525 943 3595 oportet.
976 3511 1083 3576 Etiam
1108 3511 1247 3576 feminas
1268 3513 1366 3589 adop·

329 3621 391 3685 tari
412 3623 615 3710 heredesque
636 3621 734 3684 scribi
754 3621 898 3704 potuisse
919 3629 1044 3684 constat
1059 3641 1101 3682 ex
1115 3619 1212 3682 Isaeo
1234 3618 1367 3694 deHag·

331 3730 445 3792 hered.
466 3734 544 3806 2743
564 3726 599 3779 τά
619 3727 686 3780 ὄντα
704 3727 853 3789 xeesstxtv,
874 3726 937 3780 ἀλλ’
955 3725 1101 3795 ἐποιήσατο
1118 3725 1262 3795 θυγατέρα
1279 3711 1364 3776 adsui

332 3833 492 3906 ἀδελφιδῷ,
511 3838 555 3886 καί
573 3832 649 3886 ταῦτ’
667 3833 852 3903 trecassinae
870 3835 1007 3901 ἐνέγραψε.

412 3942 499 4006 Num
525 3939 608 4022 patri
635 3937 779 4010 licuisse,
806 3935 891 4000 filios
912 3945 943 3999 et
963 3936 1123 3999 nautraies
1149 3943 1181 3994 et
1201 3933 1368 4016 adoptivos

334 4051 511 4120 exheredes
532 4047 693 4119 scribere,
721 4069 762 4109 ex
784 4043 966 4108 oratoribus
993 4045 1122 4130 quidem
1143 4061 1210 4104 non
1232 4047 1386 4107 constant

333 4157 415 4233 hanc
438 4167 542 4218 autem
564 4164 751 4240 potestatem
773 4151 859 4235 patri
878 4149 978 4214 fuisse
1003 4149 1066 4233 jam
1087 4160 1261 4230 propterea
1282 4153 1365 4229 puto,

336 4261 485 4343 (titinius
512 4283 572 4324 eos
598 4261 768 4324 abdicandi
794 4259 936 4328 habebat.
979 4255 1155 4337 Quomodo
1184 4273 1268 4319 nttnc
1295 4255 1365 4315 hacc
