2846 5018
493 381 741 454 „23-

100 545 280 630 explicatam
300 537 426 623 reperi,
451 551 482 599 et
509 526 606 619 intutu
628 533 691 595 hoe
712 529 810 592 modo
832 525 974 606 exempla
995 541 1061 583 non
1080 539 1134 581 ex-

102 667 191 724 stent,
213 669 294 735 quae
317 655 370 708 aut
390 646 470 706 hauc
491 656 543 702 aut
567 653 706 700 nosttttm
729 632 914 719 opinionem
935 627 1135 697 confirment,

102 755 371 824 accommodatius
392 765 480 835 puto,
495 749 521 811 si
538 747 724 832 opinionem
739 737 1002 827 praecedentibus
1019 751 1136 796 conue-

101 867 239 930 nientem
267 857 485 930 defendimus,
515 875 608 940 quam
639 851 692 914 uni
717 853 791 913 loco
813 846 956 930 instqtet·'
971 841 1064 902 ualde
1085 857 1137 898 su·

101 987 210 1057 specto
239 967 332 1032 nimis
353 965 549 1030 confidentes
578 958 693 1022 seriem
720 957 760 1018 ad
779 957 936 1016 rationem
956 960 1137 1016 revocatam

102 1078 252 1142 dirimere
274 1075 445 1138 studemus.

183 1181 218 1245 Si
238 1182 327 1245 etiam
357 1179 474 1242 innuo
497 1171 639 1236 defuncti
666 1191 761 1232 nemo
785 1187 858 1230 curn
880 1160 1032 1226 defuncto
1060 1179 1137 1222 con·

104 1290 208 1364 uenit,
235 1287 412 1372 proximum
435 1293 544 1364 caput,
572 1278 623 1340 avi
645 1293 750 1362 pater,
778 1271 921 1336 defuncti
942 1269 1059 1330 abavus
1080 1279 1138 1328 est.

103 1397 167 1460 Hie
197 1394 300 1458 omnia
327 1388 569 1455 eodemmodo
591 1383 791 1469 exsequenda
817 1389 906 1449 suut,
936 1394 1002 1462 quo
1024 1393 1138 1455 supra,

105 1523 201 1590 qtutut
228 1497 372 1563 defuncti
392 1515 469 1556 avus
490 1507 582 1576 caput
599 1489 678 1562 fuit,
704 1487 848 1550 fecimus.
883 1479 1035 1546 Defuneti
1060 1497 1138 1540 avus

103 1609 225 1693 primus
255 1605 297 1668 ad
328 1595 537 1672 hereditatem
563 1612 714 1667 uocatur,
744 1609 809 1656 tum
836 1589 980 1678 sequitur
1013 1599 1142 1670 patruus

87 1731 248 1808 'magnus-
286 1709 387 1773 Etiant
413 1706 466 1770 hic
492 1725 551 1768 uos
577 1702 682 1768 omnia
704 1719 884 1784 exponere,
911 1717 974 1758 non
997 1711 1141 1755 necessa·

104 1817 187 1882 rium
206 1832 300 1901 puto,
321 1835 417 1901 qutun
439 1817 518 1878 haee
539 1811 639 1875 series
659 1807 807 1874 facillime
829 1799 1050 1890 praecedentis
1070 1795 1142 1865 inti.-

104 1923 223 1988 tatione
238 1920 382 2006 exprimi
401 1932 515 2002 potest.

499 2093 533 2152 2)
555 2083 631 2153 Πρὸς
641 2081 760 2158 μητρὸς.

172 2225 268 2287 Νιιιιο
286 2221 459 2286 secundum
474 2217 664 2304 principium
684 2231 827 2279 nostrum
839 2213 966 2278 tertium
985 2211 1145 2275 hereditas

108 2333 152 2396 ad
172 2325 323 2412 chgnatcs
343 2324 408 2396 ands
422 2324 527 2400 μητρὸς
550 2323 693 2387 defuncti
720 2321 841 2384 transit·
880 2314 974 2385 Nunc
1002 2319 1085 2382 enim
1111 2319 1144 2380 in

109 2435 326 2519 descriptione
340 2443 447 2496 nostra
460 2433 501 2494 ad
513 2429 739 2514 callateraliunt
755 2430 867 2491 lineam
887 2425 1043 2498 venimus,
1065 2445 1147 2512 quae

107 2542 250 2606 defuncti
270 2539 538 2605 consobrinorum
553 2538 673 2599 liberos
691 2535 870 2606 apdtaarpdt
886 2533 1038 2597 eontinet.
1058 2533 1146 2594 Huie

22 2693 24 2700 ·
105 2651 227 2722 lineae,
247 2661 282 2710 ut
303 2663 476 2710 exaestuo
498 2643 656 2728 ptineipio
677 2640 738 2722 jam
763 2641 890 2715 scimus,
910 2639 1070 2704 hereditas
1091 2637 1144 2712 ad·

91 2745 174 2818 'hue
193 2755 340 2832 obuenit3
362 2753 409 2816 sin
432 2749 535 2815 autern
557 2749 651 2832 hujus
669 2751 771 2812 lineae
792 2770 887 2810 uento
908 2761 1019 2816 exstat,
1037 2747 1063 2795 οἱ
1080 2740 1146 2810 ³9⁶5

108 2860 212 2932 μητρὸς
227 2863 364 2926 heredes
385 2877 488 2924 sunto.
519 2857 672 2922 Defttttcti
693 2874 792 2918 mater
811 2855 909 2938 igitur
929 2853 982 2917 hic
1030 2853 1146 2916 ritnum

109 2989 202 3056 caput
224 2987 281 3033 est.
316 2971 421 3048 Quum
449 2982 552 3028 autent
574 2983 684 3026 omnes
707 2965 820 3025 eodem
841 2963 940 3024 modo
966 2960 1016 3023 col
1052 2959 1144 3024 candi

109 3093 200 3150 sunt,
223 3075 289 3162 quc
309 3072 411 3144 otapo's
428 3071 536 3140 πατρὸς,
556 3072 597 3132 ad
620 3068 765 3131 ordinem
790 3067 835 3129 ibi
857 3068 1032 3150 expositum
1059 3069 1143 3128 dele·

107 3205 186 3268 gare
206 3201 389 3267 possumus3
413 3179 453 3239 de
472 3175 545 3258 jure
565 3174 761 3238 hereditario
787 3174 898 3246 matris
914 3185 1032 3250 tentum
1051 3172 1144 3236 latius

108 3291 269 3354 disserere
290 3287 456 3349 debemus.

190 3393 225 3457 Si
244 3393 332 3476 enim,
349 3391 383 3452 in
400 3389 505 3473 primo
525 3388 651 3462 ordine,
668 3386 758 3469 cujus
775 3402 868 3470 caput
885 3385 1027 3449 defuncti
1044 3399 1144 3448 mater

109 3503 176 3582 estf,
203 3515 236 3562 et
253 3499 288 3560 in
310 3519 375 3586 quo
396 3498 512 3558 fratres
533 3494 651 3558 uterini
673 3493 766 3578 primi
794 3496 836 3556 ad
856 3495 1066 3556 hereditatem
1086 3513 1144 3554 uo·

108 3619 231 3679 cantur,
250 3627 345 3668 uento
366 3619 476 3675 exstat,
499 3605 541 3664 ad
557 3602 738 3684 proximum
756 3616 861 3684 caput,
883 3617 917 3661 ιιι
932 3598 996 3681 jam
1018 3598 1145 3670 scimus,

111 3715 286 3776 ascendere
313 3710 481 3781 dehemus,
508 3711 598 3794 quod
624 3721 718 3790 caput
744 3719 835 3790 pater
861 3705 1003 3768 defuncti
1023 3703 1145 3776 mattis,

81 3822 83 3826 ’
110 3841 191 3881 auus
216 3835 379 3882 maternus
407 3833 463 3878 est.
501 3817 595 3890 Nunc
622 3815 762 3878 defuncti
783 3814 875 3876 matri
901 3810 1063 3876 hereditas
1086 3811 1143 3872 ob-

106 3925 221 3987 venire
242 3927 346 3987 debet.
378 3925 517 3984 Matrem
544 3922 595 4003 jus
614 3920 647 3982 iu
675 3920 848 3982 ftliiboua
875 3917 1066 3981 succedendi
1087 3919 1143 3979 ha-

104 4031 227 4102 buisse,
248 4044 279 4124 et
299 4033 403 4093 adhuc
415 4028 507 4092 dietis
527 4045 559 4092 et
573 4045 741 4112 praeterea
758 4027 841 4090 lsaci
855 4025 962 4087 uerbis
975 4046 1035 4108 pro
1052 4039 1142 4086 certo

106 4137 171 4203 dici
194 4151 308 4220 potest.
344 4139 454 4200 Isaeus
474 4135 558 4198 enirn
577 4137 618 4196 de
638 4136 721 4217 Hag.
740 4136 809 4196 her.
831 4137 891 4194 286
912 4118 1011 4193 dicitt¹
1027 4126 1087 4199 ἧκεν
1107 4128 1144 4179 ate

104 4243 153 4296 οὑν
171 4243 208 4296 ἐπ’
228 4242 299 4296 αὐτὰ
324 4241 404 4296 τοῦτο
424 4246 472 4304 μὲν
495 4242 678 4304 ὁΙἏαύιιων,
697 4241 710 4292 ὁ
729 4241 777 4294 τοῦ
800 4239 910 4310 Ἀγνὶου
930 4238 1054 4308 ἀδελφὸς·
1080 4239 1144 4307 stetit
