<?xml version="1.0" encoding="UTF-8"?>
<!DOCTYPE html PUBLIC "-//W3C//DTD XHTML 1.0 Transitional//EN"
    "http://www.w3.org/TR/xhtml1/DTD/xhtml1-transitional.dtd">
<html xmlns="http://www.w3.org/1999/xhtml" xml:lang="en" lang="en">
 <head>
  <title>
</title>
<meta http-equiv="Content-Type" content="text/html;charset=utf-8" />
  <meta name='ocr-system' content='tesseract 3.04.00' />
  <meta name='ocr-capabilities' content='ocr_page ocr_carea ocr_par ocr_line ocrx_word'/>
</head>
<body>
  <div class='ocr_page' id='page_1' title='image "./dejurehereditar00schngoog_0014.png"; bbox 0 0 2846 5018; ppageno 0'>
   <div class='ocr_carea' id='block_1_1' title="bbox 465 409 754 478">
    <p class='ocr_par' dir='ltr' id='par_1_1' title="bbox 465 409 754 478">
     <span class='ocr_line' id='line_1_1' title="bbox 465 409 754 478; baseline 0.021 -44"><span class='ocrx_word' id='word_1_1' title='bbox 465 409 754 478; x_wconf 65' lang='lat' dir='ltr'><strong>a-a—</strong></span> 
     </span>
    </p>
   </div>
   <div class='ocr_carea' id='block_1_2' title="bbox 45 527 1162 4378">
    <p class='ocr_par' dir='ltr' id='par_1_2' title="bbox 80 527 1162 2428">
     <span class='ocr_line' id='line_1_2' title="bbox 179 527 1160 642; baseline 0.009 -22"><span class='ocrx_word' id='word_1_2' title='bbox 179 559 212 621; x_wconf 86' lang='lat' dir='ltr'><strong>si</strong></span> <span class='ocrx_word' id='word_1_3' title='bbox 227 579 312 621; x_wconf 74' lang='lat' dir='ltr'><strong>nilne</strong></span> <span class='ocrx_word' id='word_1_4' title='bbox 327 527 491 639; x_wconf 70' lang='lat' dir='ltr'><strong>esplieare</strong></span> <span class='ocrx_word' id='word_1_5' title='bbox 512 559 686 629; x_wconf 80' lang='lat' dir='ltr'><strong>studemus,</strong></span> <span class='ocrx_word' id='word_1_6' title='bbox 701 579 760 622; x_wconf 90' lang='lat' dir='ltr'><strong>cur</strong></span> <span class='ocrx_word' id='word_1_7' title='bbox 774 561 817 622; x_wconf 88' lang='lat' dir='ltr'><strong>de</strong></span> <span class='ocrx_word' id='word_1_8' title='bbox 831 557 904 642; x_wconf 87' lang='lat' dir='ltr'><strong>jure</strong></span> <span class='ocrx_word' id='word_1_9' title='bbox 916 563 1160 628; x_wconf 74' lang='lat' dir='ltr'><strong>Atheniensium</strong></span> 
     </span>
     <span class='ocr_line' id='line_1_3' title="bbox 116 665 1161 741; baseline 0.009 -14"><span class='ocrx_word' id='word_1_10' title='bbox 116 678 235 728; x_wconf 83' lang='lat' dir='ltr'><strong>tauhun</strong></span> <span class='ocrx_word' id='word_1_11' title='bbox 256 667 296 727; x_wconf 92' lang='lat' dir='ltr'><strong>ah</strong></span> <span class='ocrx_word' id='word_1_12' title='bbox 316 665 502 726; x_wconf 86' lang='lat' dir='ltr'><strong>oratoribus</strong></span> <span class='ocrx_word' id='word_1_13' title='bbox 525 667 682 728; x_wconf 85' lang='lat' dir='ltr'><strong>certiores</strong></span> <span class='ocrx_word' id='word_1_14' title='bbox 703 665 778 729; x_wconf 89' lang='lat' dir='ltr'><strong>l&#39;aeti</strong></span> <span class='ocrx_word' id='word_1_15' title='bbox 802 668 916 741; x_wconf 91' lang='lat' dir='ltr'><strong>simus,</strong></span> <span class='ocrx_word' id='word_1_16' title='bbox 946 683 978 732; x_wconf 92' lang='lat' dir='ltr'><strong>ut</strong></span> <span class='ocrx_word' id='word_1_17' title='bbox 1000 672 1033 734; x_wconf 95' lang='lat' dir='ltr'><strong>id</strong></span> <span class='ocrx_word' id='word_1_18' title='bbox 1064 697 1161 736; x_wconf 87' lang='lat' dir='ltr'><strong>caeco</strong></span> 
     </span>
     <span class='ocr_line' id='line_1_4' title="bbox 117 771 1161 854; baseline 0.01 -20"><span class='ocrx_word' id='word_1_19' title='bbox 117 773 206 834; x_wconf 83' lang='lat' dir='ltr'><strong>casui</strong></span> <span class='ocrx_word' id='word_1_20' title='bbox 233 771 480 834; x_wconf 87' lang='lat' dir='ltr'><strong>adscribendum</strong></span> <span class='ocrx_word' id='word_1_21' title='bbox 501 771 559 846; x_wconf 89' lang='lat' dir='ltr'><strong>sit,</strong></span> <span class='ocrx_word' id='word_1_22' title='bbox 586 783 706 836; x_wconf 90' lang='lat' dir='ltr'><strong>tantum</strong></span> <span class='ocrx_word' id='word_1_23' title='bbox 734 774 840 848; x_wconf 89' lang='lat' dir='ltr'><strong>abest,</strong></span> <span class='ocrx_word' id='word_1_24' title='bbox 868 789 901 838; x_wconf 93' lang='lat' dir='ltr'><strong>ut</strong></span> <span class='ocrx_word' id='word_1_25' title='bbox 927 779 1161 854; x_wconf 86' lang='lat' dir='ltr'><strong>necessitatem,</strong></span> 
     </span>
     <span class='ocr_line' id='line_1_5' title="bbox 94 860 1160 968; baseline 0.012 -31"><span class='ocrx_word' id='word_1_26' title='bbox 94 860 212 961; x_wconf 33' lang='lat' dir='ltr'><strong>&#39;quam</strong></span> <span class='ocrx_word' id='word_1_27' title='bbox 242 881 352 940; x_wconf 87' lang='lat' dir='ltr'><strong>dicere</strong></span> <span class='ocrx_word' id='word_1_28' title='bbox 380 878 454 941; x_wconf 89' lang='lat' dir='ltr'><strong>lieet</strong></span> <span class='ocrx_word' id='word_1_29' title='bbox 484 879 685 954; x_wconf 86' lang='lat' dir='ltr'><strong>historicam,</strong></span> <span class='ocrx_word' id='word_1_30' title='bbox 727 881 758 943; x_wconf 88' lang='lat' dir='ltr'><strong>in</strong></span> <span class='ocrx_word' id='word_1_31' title='bbox 788 883 848 945; x_wconf 89' lang='lat' dir='ltr'><strong>hae</strong></span> <span class='ocrx_word' id='word_1_32' title='bbox 880 904 917 946; x_wconf 84' lang='lat' dir='ltr'><strong>re</strong></span> <span class='ocrx_word' id='word_1_33' title='bbox 948 887 1160 968; x_wconf 88' lang='lat' dir='ltr'><strong>reperiamus.</strong></span> 
     </span>
     <span class='ocr_line' id='line_1_6' title="bbox 116 985 1160 1075; baseline 0.009 -28"><span class='ocrx_word' id='word_1_34' title='bbox 116 989 262 1049; x_wconf 77' lang='lat' dir='ltr'><strong>Athenae</strong></span> <span class='ocrx_word' id='word_1_35' title='bbox 284 985 431 1047; x_wconf 89' lang='lat' dir='ltr'><strong>omnibus</strong></span> <span class='ocrx_word' id='word_1_36' title='bbox 453 985 569 1048; x_wconf 86' lang='lat' dir='ltr'><strong>ceteris</strong></span> <span class='ocrx_word' id='word_1_37' title='bbox 591 987 749 1050; x_wconf 75' lang='lat' dir='ltr'><strong>Graeciae</strong></span> <span class='ocrx_word' id='word_1_38' title='bbox 770 987 950 1052; x_wconf 86' lang='lat' dir='ltr'><strong>civitatibus</strong></span> <span class='ocrx_word' id='word_1_39' title='bbox 973 993 1160 1075; x_wconf 79' lang='lat' dir='ltr'><strong>superiores</strong></span> 
     </span>
     <span class='ocr_line' id='line_1_7' title="bbox 114 1083 1162 1179; baseline 0.01 -25"><span class='ocrx_word' id='word_1_40' title='bbox 114 1093 267 1162; x_wconf 84' lang='lat' dir='ltr'><strong>fuerunt,</strong></span> <span class='ocrx_word' id='word_1_41' title='bbox 287 1093 432 1154; x_wconf 82' lang='lat' dir='ltr'><strong>Athenae</strong></span> <span class='ocrx_word' id='word_1_42' title='bbox 446 1083 574 1175; x_wconf 77' lang='lat' dir='ltr'><strong>&#39;ingenii</strong></span> <span class='ocrx_word' id='word_1_43' title='bbox 596 1096 819 1175; x_wconf 77' lang='lat' dir='ltr'><strong>hegemoniam</strong></span> <span class='ocrx_word' id='word_1_44' title='bbox 841 1097 974 1179; x_wconf 85' lang='lat' dir='ltr'><strong>adeptae</strong></span> <span class='ocrx_word' id='word_1_45' title='bbox 995 1111 1077 1163; x_wconf 89' lang='lat' dir='ltr'><strong>sunt.</strong></span> <span class='ocrx_word' id='word_1_46' title='bbox 1109 1103 1162 1165; x_wconf 91' lang='lat' dir='ltr'><strong>lu·</strong></span> 
     </span>
     <span class='ocr_line' id='line_1_8' title="bbox 116 1197 1160 1280; baseline 0.011 -22"><span class='ocrx_word' id='word_1_47' title='bbox 116 1198 246 1280; x_wconf 81' lang='lat' dir='ltr'><strong>genium</strong></span> <span class='ocrx_word' id='word_1_48' title='bbox 267 1197 405 1260; x_wconf 86' lang='lat' dir='ltr'><strong>Atticum</strong></span> <span class='ocrx_word' id='word_1_49' title='bbox 429 1199 582 1261; x_wconf 84' lang='lat' dir='ltr'><strong>Doricam</strong></span> <span class='ocrx_word' id='word_1_50' title='bbox 604 1200 745 1262; x_wconf 87' lang='lat' dir='ltr'><strong>indolem</strong></span> <span class='ocrx_word' id='word_1_51' title='bbox 763 1215 795 1264; x_wconf 89' lang='lat' dir='ltr'><strong>et</strong></span> <span class='ocrx_word' id='word_1_52' title='bbox 816 1203 956 1266; x_wconf 90' lang='lat' dir='ltr'><strong>lonieam</strong></span> <span class='ocrx_word' id='word_1_53' title='bbox 978 1203 1010 1266; x_wconf 91' lang='lat' dir='ltr'><strong>in</strong></span> <span class='ocrx_word' id='word_1_54' title='bbox 1032 1228 1068 1270; x_wconf 89' lang='lat' dir='ltr'><strong>se</strong></span> <span class='ocrx_word' id='word_1_55' title='bbox 1084 1231 1160 1270; x_wconf 91' lang='lat' dir='ltr'><strong>eon-</strong></span> 
     </span>
     <span class='ocr_line' id='line_1_9' title="bbox 115 1301 1161 1388; baseline 0.015 -26"><span class='ocrx_word' id='word_1_56' title='bbox 115 1301 238 1382; x_wconf 83' lang='lat' dir='ltr'><strong>junetas</strong></span> <span class='ocrx_word' id='word_1_57' title='bbox 260 1305 417 1376; x_wconf 84' lang='lat' dir='ltr'><strong>eontinet,</strong></span> <span class='ocrx_word' id='word_1_58' title='bbox 440 1306 527 1366; x_wconf 88' lang='lat' dir='ltr'><strong>unde</strong></span> <span class='ocrx_word' id='word_1_59' title='bbox 547 1304 638 1366; x_wconf 82' lang='lat' dir='ltr'><strong>beata</strong></span> <span class='ocrx_word' id='word_1_60' title='bbox 662 1305 714 1367; x_wconf 89' lang='lat' dir='ltr'><strong>illa</strong></span> <span class='ocrx_word' id='word_1_61' title='bbox 735 1309 891 1388; x_wconf 88' lang='lat' dir='ltr'><strong>prol&#39;undi</strong></span> <span class='ocrx_word' id='word_1_62' title='bbox 912 1323 944 1372; x_wconf 88' lang='lat' dir='ltr'><strong>et</strong></span> <span class='ocrx_word' id='word_1_63' title='bbox 963 1313 1045 1375; x_wconf 89' lang='lat' dir='ltr'><strong>levis</strong></span> <span class='ocrx_word' id='word_1_64' title='bbox 1065 1315 1161 1377; x_wconf 91' lang='lat' dir='ltr'><strong>animi</strong></span> 
     </span>
     <span class='ocr_line' id='line_1_10' title="bbox 116 1409 1160 1494; baseline 0.01 -21"><span class='ocrx_word' id='word_1_65' title='bbox 116 1411 226 1474; x_wconf 76' lang='lat' dir='ltr'><strong>ruistio</strong></span> <span class='ocrx_word' id='word_1_66' title='bbox 254 1433 411 1474; x_wconf 90' lang='lat' dir='ltr'><strong>summum</strong></span> <span class='ocrx_word' id='word_1_67' title='bbox 440 1409 621 1494; x_wconf 82' lang='lat' dir='ltr'><strong>graecitatis</strong></span> <span class='ocrx_word' id='word_1_68' title='bbox 650 1434 801 1478; x_wconf 83' lang='lat' dir='ltr'><strong>cacumen</strong></span> <span class='ocrx_word' id='word_1_69' title='bbox 829 1415 970 1482; x_wconf 88' lang='lat' dir='ltr'><strong>adduxit.</strong></span> <span class='ocrx_word' id='word_1_70' title='bbox 1002 1423 1059 1482; x_wconf 83' lang='lat' dir='ltr'><strong>lus</strong></span> <span class='ocrx_word' id='word_1_71' title='bbox 1079 1421 1160 1486; x_wconf 90' lang='lat' dir='ltr'><strong>Atti·</strong></span> 
     </span>
     <span class='ocr_line' id='line_1_11' title="bbox 80 1517 1160 1623; baseline 0.011 -47"><span class='ocrx_word' id='word_1_72' title='bbox 80 1553 93 1576; x_wconf 61' lang='lat' dir='ltr'><strong>s</strong></span> <span class='ocrx_word' id='word_1_73' title='bbox 116 1537 189 1580; x_wconf 91' lang='lat' dir='ltr'><strong>eum</strong></span> <span class='ocrx_word' id='word_1_74' title='bbox 210 1517 367 1599; x_wconf 76' lang='lat' dir='ltr'><strong>temporis</strong></span> <span class='ocrx_word' id='word_1_75' title='bbox 389 1517 528 1578; x_wconf 84' lang='lat' dir='ltr'><strong>decursu</strong></span> <span class='ocrx_word' id='word_1_76' title='bbox 540 1517 580 1579; x_wconf 84' lang='lat' dir='ltr'><strong>ab</strong></span> <span class='ocrx_word' id='word_1_77' title='bbox 595 1519 743 1582; x_wconf 88' lang='lat' dir='ltr'><strong>omnibus</strong></span> <span class='ocrx_word' id='word_1_78' title='bbox 757 1523 893 1586; x_wconf 88' lang='lat' dir='ltr'><strong>Graecis</strong></span> <span class='ocrx_word' id='word_1_79' title='bbox 915 1523 1055 1623; x_wconf 80' lang='lat' dir='ltr'><strong>agnitum</strong></span> <span class='ocrx_word' id='word_1_80' title='bbox 1077 1529 1160 1588; x_wconf 88' lang='lat' dir='ltr'><strong>latis-</strong></span> 
     </span>
     <span class='ocr_line' id='line_1_12' title="bbox 114 1623 1161 1714; baseline 0.011 -30"><span class='ocrx_word' id='word_1_81' title='bbox 114 1623 195 1686; x_wconf 86' lang='lat' dir='ltr'><strong>sime</strong></span> <span class='ocrx_word' id='word_1_82' title='bbox 208 1625 443 1694; x_wconf 79' lang='lat' dir='ltr'><strong>excolebatur,</strong></span> <span class='ocrx_word' id='word_1_83' title='bbox 471 1633 503 1685; x_wconf 90' lang='lat' dir='ltr'><strong>et</strong></span> <span class='ocrx_word' id='word_1_84' title='bbox 528 1624 657 1688; x_wconf 80' lang='lat' dir='ltr'><strong>sinleum</strong></span> <span class='ocrx_word' id='word_1_85' title='bbox 677 1627 748 1691; x_wconf 83' lang='lat' dir='ltr'><strong>fere</strong></span> <span class='ocrx_word' id='word_1_86' title='bbox 771 1641 835 1706; x_wconf 78' lang='lat' dir='ltr'><strong>est,</strong></span> <span class='ocrx_word' id='word_1_87' title='bbox 857 1633 946 1714; x_wconf 93' lang='lat' dir='ltr'><strong>quod</strong></span> <span class='ocrx_word' id='word_1_88' title='bbox 968 1626 1082 1694; x_wconf 82' lang='lat' dir='ltr'><strong>litteris</strong></span> <span class='ocrx_word' id='word_1_89' title='bbox 1103 1655 1161 1696; x_wconf 90' lang='lat' dir='ltr'><strong>no-</strong></span> 
     </span>
     <span class='ocr_line' id='line_1_13' title="bbox 114 1729 1160 1814; baseline 0.014 -27"><span class='ocrx_word' id='word_1_90' title='bbox 114 1729 165 1788; x_wconf 90' lang='lat' dir='ltr'><strong>bis</strong></span> <span class='ocrx_word' id='word_1_91' title='bbox 185 1729 333 1790; x_wconf 86' lang='lat' dir='ltr'><strong>traditum</strong></span> <span class='ocrx_word' id='word_1_92' title='bbox 361 1740 425 1808; x_wconf 88' lang='lat' dir='ltr'><strong>est;</strong></span> <span class='ocrx_word' id='word_1_93' title='bbox 455 1732 540 1793; x_wconf 81' lang='lat' dir='ltr'><strong>trude</strong></span> <span class='ocrx_word' id='word_1_94' title='bbox 559 1729 639 1814; x_wconf 85' lang='lat' dir='ltr'><strong>juris</strong></span> <span class='ocrx_word' id='word_1_95' title='bbox 665 1733 763 1797; x_wconf 84' lang='lat' dir='ltr'><strong>Attici</strong></span> <span class='ocrx_word' id='word_1_96' title='bbox 792 1737 906 1800; x_wconf 84' lang='lat' dir='ltr'><strong>notitia</strong></span> <span class='ocrx_word' id='word_1_97' title='bbox 933 1737 964 1800; x_wconf 95' lang='lat' dir='ltr'><strong>in</strong></span> <span class='ocrx_word' id='word_1_98' title='bbox 990 1738 1160 1802; x_wconf 86' lang='lat' dir='ltr'><strong>universo·</strong></span> 
     </span>
     <span class='ocr_line' id='line_1_14' title="bbox 114 1835 1160 1925; baseline 0.019 -33"><span class='ocrx_word' id='word_1_99' title='bbox 114 1853 186 1894; x_wconf 91' lang='lat' dir='ltr'><strong>rum</strong></span> <span class='ocrx_word' id='word_1_100' title='bbox 201 1835 402 1898; x_wconf 88' lang='lat' dir='ltr'><strong>Graecorum</strong></span> <span class='ocrx_word' id='word_1_101' title='bbox 419 1838 606 1921; x_wconf 83' lang='lat' dir='ltr'><strong>cognitione</strong></span> <span class='ocrx_word' id='word_1_102' title='bbox 627 1861 834 1925; x_wconf 85' lang='lat' dir='ltr'><strong>summopere</strong></span> <span class='ocrx_word' id='word_1_103' title='bbox 851 1847 946 1918; x_wconf 85' lang='lat' dir='ltr'><strong>valet,</strong></span> <span class='ocrx_word' id='word_1_104' title='bbox 968 1847 1050 1912; x_wconf 89' lang='lat' dir='ltr'><strong>sieut</strong></span> <span class='ocrx_word' id='word_1_105' title='bbox 1066 1851 1160 1915; x_wconf 88' lang='lat' dir='ltr'><strong>etiam</strong></span> 
     </span>
     <span class='ocr_line' id='line_1_15' title="bbox 113 1940 1159 2039; baseline 0.015 -37"><span class='ocrx_word' id='word_1_106' title='bbox 113 1940 219 2004; x_wconf 87' lang='lat' dir='ltr'><strong>Attica</strong></span> <span class='ocrx_word' id='word_1_107' title='bbox 241 1943 419 2006; x_wconf 84' lang='lat' dir='ltr'><strong>humanitas</strong></span> <span class='ocrx_word' id='word_1_108' title='bbox 447 1957 543 2028; x_wconf 88' lang='lat' dir='ltr'><strong>atque</strong></span> <span class='ocrx_word' id='word_1_109' title='bbox 564 1948 725 2009; x_wconf 89' lang='lat' dir='ltr'><strong>urbanitas</strong></span> <span class='ocrx_word' id='word_1_110' title='bbox 753 1971 814 2030; x_wconf 90' lang='lat' dir='ltr'><strong>pro</strong></span> <span class='ocrx_word' id='word_1_111' title='bbox 845 1953 969 2016; x_wconf 87' lang='lat' dir='ltr'><strong>Graeca</strong></span> <span class='ocrx_word' id='word_1_112' title='bbox 991 1955 1071 2036; x_wconf 87' lang='lat' dir='ltr'><strong>poni</strong></span> <span class='ocrx_word' id='word_1_113' title='bbox 1100 1981 1159 2039; x_wconf 91' lang='lat' dir='ltr'><strong>po·</strong></span> 
     </span>
     <span class='ocr_line' id='line_1_16' title="bbox 111 2049 1161 2146; baseline 0.018 -38"><span class='ocrx_word' id='word_1_114' title='bbox 111 2059 182 2112; x_wconf 86' lang='lat' dir='ltr'><strong>test.</strong></span> <span class='ocrx_word' id='word_1_115' title='bbox 205 2049 418 2110; x_wconf 85' lang='lat' dir='ltr'><strong>Athenienses</strong></span> <span class='ocrx_word' id='word_1_116' title='bbox 433 2062 673 2130; x_wconf 84' lang='lat' dir='ltr'><strong>repraesentant</strong></span> <span class='ocrx_word' id='word_1_117' title='bbox 693 2063 790 2114; x_wconf 86' lang='lat' dir='ltr'><strong>totam</strong></span> <span class='ocrx_word' id='word_1_118' title='bbox 806 2057 985 2131; x_wconf 87' lang='lat' dir='ltr'><strong>Graeciam,</strong></span> <span class='ocrx_word' id='word_1_119' title='bbox 1007 2073 1039 2122; x_wconf 90' lang='lat' dir='ltr'><strong>et</strong></span> <span class='ocrx_word' id='word_1_120' title='bbox 1052 2068 1161 2146; x_wconf 86' lang='lat' dir='ltr'><strong>quoad</strong></span> 
     </span>
     <span class='ocr_line' id='line_1_17' title="bbox 113 2151 1159 2250; baseline 0.014 -34"><span class='ocrx_word' id='word_1_121' title='bbox 113 2151 345 2232; x_wconf 84' lang='lat' dir='ltr'><strong>intelligentiae</strong></span> <span class='ocrx_word' id='word_1_122' title='bbox 363 2151 463 2224; x_wconf 87' lang='lat' dir='ltr'><strong>lines,</strong></span> <span class='ocrx_word' id='word_1_123' title='bbox 493 2175 575 2238; x_wconf 69' lang='lat' dir='ltr'><strong>qum</strong></span> <span class='ocrx_word' id='word_1_124' title='bbox 597 2155 766 2239; x_wconf 83' lang='lat' dir='ltr'><strong>antiquitas</strong></span> <span class='ocrx_word' id='word_1_125' title='bbox 788 2159 945 2242; x_wconf 75' lang='lat' dir='ltr'><strong>attingere</strong></span> <span class='ocrx_word' id='word_1_126' title='bbox 968 2168 1091 2250; x_wconf 86' lang='lat' dir='ltr'><strong>poluit,</strong></span> <span class='ocrx_word' id='word_1_127' title='bbox 1111 2193 1159 2230; x_wconf 92' lang='lat' dir='ltr'><strong>as-</strong></span> 
     </span>
     <span class='ocr_line' id='line_1_18' title="bbox 113 2257 1159 2356; baseline 0.016 -37"><span class='ocrx_word' id='word_1_128' title='bbox 113 2257 215 2319; x_wconf 89' lang='lat' dir='ltr'><strong>secuti</strong></span> <span class='ocrx_word' id='word_1_129' title='bbox 235 2268 322 2328; x_wconf 84' lang='lat' dir='ltr'><strong>sunt,</strong></span> <span class='ocrx_word' id='word_1_130' title='bbox 350 2257 448 2320; x_wconf 91' lang='lat' dir='ltr'><strong>totius</strong></span> <span class='ocrx_word' id='word_1_131' title='bbox 477 2261 672 2344; x_wconf 90' lang='lat' dir='ltr'><strong>antiquitatis</strong></span> <span class='ocrx_word' id='word_1_132' title='bbox 700 2265 792 2346; x_wconf 88' lang='lat' dir='ltr'><strong>quasi</strong></span> <span class='ocrx_word' id='word_1_133' title='bbox 822 2267 1008 2356; x_wconf 88' lang='lat' dir='ltr'><strong>exemplum</strong></span> <span class='ocrx_word' id='word_1_134' title='bbox 1036 2285 1067 2334; x_wconf 86' lang='lat' dir='ltr'><strong>et</strong></span> <span class='ocrx_word' id='word_1_135' title='bbox 1087 2275 1159 2336; x_wconf 88' lang='lat' dir='ltr'><strong>idea</strong></span> 
     </span>
     <span class='ocr_line' id='line_1_19' title="bbox 113 2357 1029 2428; baseline 0.007 -2"><span class='ocrx_word' id='word_1_136' title='bbox 113 2363 293 2426; x_wconf 88' lang='lat' dir='ltr'><strong>collocandi</strong></span> <span class='ocrx_word' id='word_1_137' title='bbox 313 2375 396 2428; x_wconf 91' lang='lat' dir='ltr'><strong>sunt.</strong></span> <span class='ocrx_word' id='word_1_138' title='bbox 1017 2357 1029 2376; x_wconf 45' lang='lat'><strong>⁴</strong></span> 
     </span>
    </p>

    <p class='ocr_par' dir='ltr' id='par_1_3' title="bbox 111 2469 1160 2764">
     <span class='ocr_line' id='line_1_20' title="bbox 193 2469 1159 2561; baseline 0.019 -29"><span class='ocrx_word' id='word_1_139' title='bbox 193 2469 300 2532; x_wconf 83' lang='lat' dir='ltr'><strong>Pauca</strong></span> <span class='ocrx_word' id='word_1_140' title='bbox 324 2469 464 2554; x_wconf 89' lang='lat' dir='ltr'><strong>denique</strong></span> <span class='ocrx_word' id='word_1_141' title='bbox 486 2472 527 2534; x_wconf 89' lang='lat' dir='ltr'><strong>de</strong></span> <span class='ocrx_word' id='word_1_142' title='bbox 548 2471 587 2534; x_wconf 91' lang='lat' dir='ltr'><strong>iis</strong></span> <span class='ocrx_word' id='word_1_143' title='bbox 608 2473 698 2538; x_wconf 90' lang='lat' dir='ltr'><strong>libris</strong></span> <span class='ocrx_word' id='word_1_144' title='bbox 719 2477 775 2560; x_wconf 93' lang='lat' dir='ltr'><strong>qui</strong></span> <span class='ocrx_word' id='word_1_145' title='bbox 797 2477 875 2542; x_wconf 93' lang='lat' dir='ltr'><strong>mihi</strong></span> <span class='ocrx_word' id='word_1_146' title='bbox 897 2494 1026 2561; x_wconf 89' lang='lat' dir='ltr'><strong>praeter</strong></span> <span class='ocrx_word' id='word_1_147' title='bbox 1048 2507 1159 2550; x_wconf 80' lang='lat' dir='ltr'><strong>ornnes</strong></span> 
     </span>
     <span class='ocr_line' id='line_1_21' title="bbox 111 2578 1160 2677; baseline 0.018 -39"><span class='ocrx_word' id='word_1_148' title='bbox 111 2587 144 2638; x_wconf 91' lang='lat' dir='ltr'><strong>et</strong></span> <span class='ocrx_word' id='word_1_149' title='bbox 164 2578 253 2637; x_wconf 84' lang='lat' dir='ltr'><strong>lsaei</strong></span> <span class='ocrx_word' id='word_1_150' title='bbox 281 2587 313 2638; x_wconf 85' lang='lat' dir='ltr'><strong>et</strong></span> <span class='ocrx_word' id='word_1_151' title='bbox 339 2578 581 2641; x_wconf 82' lang='lat' dir='ltr'><strong>Demosthenis</strong></span> <span class='ocrx_word' id='word_1_152' title='bbox 610 2584 784 2645; x_wconf 81' lang='lat' dir='ltr'><strong>orationes</strong></span> <span class='ocrx_word' id='word_1_153' title='bbox 804 2585 1045 2664; x_wconf 84' lang='lat' dir='ltr'><strong>hereditarias,</strong></span> <span class='ocrx_word' id='word_1_154' title='bbox 1074 2615 1160 2677; x_wconf 87' lang='lat' dir='ltr'><strong>quae</strong></span> 
     </span>
     <span class='ocr_line' id='line_1_22' title="bbox 112 2683 1058 2764; baseline 0.019 -22"><span class='ocrx_word' id='word_1_155' title='bbox 112 2692 253 2759; x_wconf 81' lang='lat' dir='ltr'><strong>exstant,</strong></span> <span class='ocrx_word' id='word_1_156' title='bbox 273 2683 400 2764; x_wconf 81' lang='lat' dir='ltr'><strong>legendi</strong></span> <span class='ocrx_word' id='word_1_157' title='bbox 422 2695 460 2745; x_wconf 79' lang='lat' dir='ltr'><strong>et.</strong></span> <span class='ocrx_word' id='word_1_158' title='bbox 472 2687 628 2749; x_wconf 86' lang='lat' dir='ltr'><strong>tractandi</strong></span> <span class='ocrx_word' id='word_1_159' title='bbox 650 2703 761 2762; x_wconf 88' lang='lat' dir='ltr'><strong>erant,</strong></span> <span class='ocrx_word' id='word_1_160' title='bbox 784 2692 917 2755; x_wconf 87' lang='lat' dir='ltr'><strong>dicenda</strong></span> <span class='ocrx_word' id='word_1_161' title='bbox 937 2709 1019 2759; x_wconf 79' lang='lat' dir='ltr'><strong>strat.</strong></span> <span class='ocrx_word' id='word_1_162' title='bbox 1055 2705 1058 2708; x_wconf 83' lang='grc'><strong>’</strong></span> 
     </span>
    </p>

    <p class='ocr_par' dir='ltr' id='par_1_4' title="bbox 45 2787 1158 4378">
     <span class='ocr_line' id='line_1_23' title="bbox 194 2787 1158 2890; baseline 0.02 -40"><span class='ocrx_word' id='word_1_163' title='bbox 194 2787 285 2850; x_wconf 90' lang='lat' dir='ltr'><strong>lnter</strong></span> <span class='ocrx_word' id='word_1_164' title='bbox 304 2787 415 2861; x_wconf 93' lang='lat' dir='ltr'><strong>libros,</strong></span> <span class='ocrx_word' id='word_1_165' title='bbox 438 2789 495 2872; x_wconf 89' lang='lat' dir='ltr'><strong>qui</strong></span> <span class='ocrx_word' id='word_1_166' title='bbox 516 2793 557 2854; x_wconf 88' lang='lat' dir='ltr'><strong>de</strong></span> <span class='ocrx_word' id='word_1_167' title='bbox 577 2791 650 2875; x_wconf 82' lang='lat' dir='ltr'><strong>jure</strong></span> <span class='ocrx_word' id='word_1_168' title='bbox 665 2795 773 2858; x_wconf 88' lang='lat' dir='ltr'><strong>Attico</strong></span> <span class='ocrx_word' id='word_1_169' title='bbox 792 2797 824 2858; x_wconf 92' lang='lat' dir='ltr'><strong>in</strong></span> <span class='ocrx_word' id='word_1_170' title='bbox 846 2799 1031 2866; x_wconf 89' lang='lat' dir='ltr'><strong>universum</strong></span> <span class='ocrx_word' id='word_1_171' title='bbox 1051 2821 1158 2890; x_wconf 84' lang='lat' dir='ltr'><strong>agunt,</strong></span> 
     </span>
     <span class='ocr_line' id='line_1_24' title="bbox 110 2891 1157 2986; baseline 0.02 -32"><span class='ocrx_word' id='word_1_172' title='bbox 110 2891 258 2975; x_wconf 91' lang='lat' dir='ltr'><strong>inprimis</strong></span> <span class='ocrx_word' id='word_1_173' title='bbox 275 2895 430 2958; x_wconf 90' lang='lat' dir='ltr'><strong>tractandi</strong></span> <span class='ocrx_word' id='word_1_174' title='bbox 446 2911 539 2960; x_wconf 80' lang='lat' dir='ltr'><strong>eruut</strong></span> <span class='ocrx_word' id='word_1_175' title='bbox 556 2900 694 2963; x_wconf 83' lang='lat' dir='ltr'><strong>bilibri:</strong></span> <span class='ocrx_word' id='word_1_176' title='bbox 721 2907 757 2965; x_wconf 87' lang='lat' dir='ltr'><strong>C.</strong></span> <span class='ocrx_word' id='word_1_177' title='bbox 773 2905 830 2969; x_wconf 83' lang='lat' dir='ltr'><strong>Fr.</strong></span> <span class='ocrx_word' id='word_1_178' title='bbox 845 2907 1039 2986; x_wconf 83' lang='lat' dir='ltr'><strong>Hermann,</strong></span> <span class='ocrx_word' id='word_1_179' title='bbox 1054 2915 1157 2977; x_wconf 89' lang='lat' dir='ltr'><strong>Lehr·</strong></span> 
     </span>
     <span class='ocr_line' id='line_1_25' title="bbox 109 2999 1156 3084; baseline 0.023 -24"><span class='ocrx_word' id='word_1_180' title='bbox 109 2999 195 3062; x_wconf 89' lang='lat' dir='ltr'><strong>buch</strong></span> <span class='ocrx_word' id='word_1_181' title='bbox 212 3002 271 3062; x_wconf 88' lang='lat' dir='ltr'><strong>der</strong></span> <span class='ocrx_word' id='word_1_182' title='bbox 286 3001 409 3084; x_wconf 84' lang='lat' dir='ltr'><strong>grieeh.</strong></span> <span class='ocrx_word' id='word_1_183' title='bbox 423 3003 741 3070; x_wconf 80' lang='lat' dir='ltr'><strong>Staatsalterthilmer.</strong></span> <span class='ocrx_word' id='word_1_184' title='bbox 770 3011 922 3084; x_wconf 65' lang='lat' dir='ltr'><strong>Plutum,</strong></span> <span class='ocrx_word' id='word_1_185' title='bbox 947 3017 1006 3078; x_wconf 87' lang='lat' dir='ltr'><strong>der</strong></span> <span class='ocrx_word' id='word_1_186' title='bbox 1017 3019 1156 3083; x_wconf 86' lang='lat' dir='ltr'><strong>Proeess</strong></span> 
     </span>
     <span class='ocr_line' id='line_1_26' title="bbox 109 3105 1158 3190; baseline 0.023 -25"><span class='ocrx_word' id='word_1_187' title='bbox 109 3107 177 3166; x_wconf 91' lang='lat' dir='ltr'><strong>und</strong></span> <span class='ocrx_word' id='word_1_188' title='bbox 204 3107 258 3168; x_wconf 86' lang='lat' dir='ltr'><strong>die</strong></span> <span class='ocrx_word' id='word_1_189' title='bbox 279 3105 403 3190; x_wconf 80' lang='lat' dir='ltr'><strong>Klagen</strong></span> <span class='ocrx_word' id='word_1_190' title='bbox 433 3109 485 3172; x_wconf 85' lang='lat' dir='ltr'><strong>hei</strong></span> <span class='ocrx_word' id='word_1_191' title='bbox 516 3115 576 3174; x_wconf 92' lang='lat' dir='ltr'><strong>den</strong></span> <span class='ocrx_word' id='word_1_192' title='bbox 603 3114 763 3178; x_wconf 89' lang='lat' dir='ltr'><strong>Attihern.</strong></span> <span class='ocrx_word' id='word_1_193' title='bbox 800 3119 911 3181; x_wconf 85' lang='lat' dir='ltr'><strong>Meier</strong></span> <span class='ocrx_word' id='word_1_194' title='bbox 940 3126 1011 3184; x_wconf 86' lang='lat' dir='ltr'><strong>und</strong></span> <span class='ocrx_word' id='word_1_195' title='bbox 1039 3128 1158 3188; x_wconf 80' lang='lat' dir='ltr'><strong>Schoe-</strong></span> 
     </span>
     <span class='ocr_line' id='line_1_27' title="bbox 109 3215 1156 3298; baseline 0.023 -24"><span class='ocrx_word' id='word_1_196' title='bbox 109 3233 235 3286; x_wconf 84' lang='lat' dir='ltr'><strong>mnnn,</strong></span> <span class='ocrx_word' id='word_1_197' title='bbox 264 3215 323 3276; x_wconf 90' lang='lat' dir='ltr'><strong>der</strong></span> <span class='ocrx_word' id='word_1_198' title='bbox 345 3218 649 3286; x_wconf 79' lang='lat' dir='ltr'><strong>AttischeProcess</strong></span> <span class='ocrx_word' id='word_1_199' title='bbox 679 3235 738 3287; x_wconf 85' lang='lat' dir='ltr'><strong>ete·</strong></span> <span class='ocrx_word' id='word_1_200' title='bbox 774 3229 830 3288; x_wconf 88' lang='lat' dir='ltr'><strong>Jus</strong></span> <span class='ocrx_word' id='word_1_201' title='bbox 852 3229 1083 3296; x_wconf 85' lang='lat' dir='ltr'><strong>hereditarium</strong></span> <span class='ocrx_word' id='word_1_202' title='bbox 1104 3258 1156 3298; x_wconf 93' lang='lat' dir='ltr'><strong>so·</strong></span> 
     </span>
     <span class='ocr_line' id='line_1_28' title="bbox 45 3321 1154 3416; baseline 0.028 -42"><span class='ocrx_word' id='word_1_203' title='bbox 45 3381 52 3402; x_wconf 84' lang='lat'><strong><em>.</em></strong></span> <span class='ocrx_word' id='word_1_204' title='bbox 112 3338 166 3377; x_wconf 81' lang='lat' dir='ltr'><strong>iim</strong></span> <span class='ocrx_word' id='word_1_205' title='bbox 186 3321 295 3398; x_wconf 90' lang='lat' dir='ltr'><strong>plures</strong></span> <span class='ocrx_word' id='word_1_206' title='bbox 325 3321 388 3383; x_wconf 88' lang='lat' dir='ltr'><strong>viri</strong></span> <span class='ocrx_word' id='word_1_207' title='bbox 420 3325 504 3392; x_wconf 84' lang='lat' dir='ltr'><strong>docti</strong></span> <span class='ocrx_word' id='word_1_208' title='bbox 527 3338 725 3406; x_wconf 84' lang='lat' dir='ltr'><strong>tractavere,</strong></span> <span class='ocrx_word' id='word_1_209' title='bbox 744 3331 873 3416; x_wconf 80' lang='lat' dir='ltr'><strong>&#39;quibus</strong></span> <span class='ocrx_word' id='word_1_210' title='bbox 897 3338 956 3398; x_wconf 90' lang='lat' dir='ltr'><strong>hos</strong></span> <span class='ocrx_word' id='word_1_211' title='bbox 977 3334 1154 3404; x_wconf 84' lang='lat' dir='ltr'><strong>librosde·</strong></span> 
     </span>
     <span class='ocr_line' id='line_1_29' title="bbox 113 3421 1157 3521; baseline 0.028 -39"><span class='ocrx_word' id='word_1_212' title='bbox 113 3421 242 3486; x_wconf 87' lang='lat' dir='ltr'><strong>bemus:</strong></span> <span class='ocrx_word' id='word_1_213' title='bbox 273 3426 428 3500; x_wconf 83' lang='lat' dir='ltr'><strong>Bunsen,</strong></span> <span class='ocrx_word' id='word_1_214' title='bbox 450 3431 591 3514; x_wconf 83' lang='lat' dir='ltr'><strong>dejure</strong></span> <span class='ocrx_word' id='word_1_215' title='bbox 614 3437 810 3502; x_wconf 90' lang='lat' dir='ltr'><strong>hereditario</strong></span> <span class='ocrx_word' id='word_1_216' title='bbox 833 3444 1095 3521; x_wconf 85' lang='lat' dir='ltr'><strong>Atheniensium,</strong></span> <span class='ocrx_word' id='word_1_217' title='bbox 1116 3451 1157 3511; x_wconf 82' lang='lat' dir='ltr'><strong>de</strong></span> 
     </span>
     <span class='ocr_line' id='line_1_30' title="bbox 113 3521 1156 3628; baseline 0.029 -40"><span class='ocrx_word' id='word_1_218' title='bbox 113 3549 181 3612; x_wconf 92' lang='lat' dir='ltr'><strong>quo</strong></span> <span class='ocrx_word' id='word_1_219' title='bbox 201 3529 286 3593; x_wconf 92' lang='lat' dir='ltr'><strong>libro</strong></span> <span class='ocrx_word' id='word_1_220' title='bbox 314 3521 500 3600; x_wconf 82' lang='lat' dir='ltr'><strong>sententisin</strong></span> <span class='ocrx_word' id='word_1_221' title='bbox 521 3538 592 3601; x_wconf 92' lang='lat' dir='ltr'><strong>tulit</strong></span> <span class='ocrx_word' id='word_1_222' title='bbox 618 3537 722 3622; x_wconf 86' lang='lat' dir='ltr'><strong>justae</strong></span> <span class='ocrx_word' id='word_1_223' title='bbox 743 3545 987 3628; x_wconf 82' lang='lat' dir='ltr'><strong>vituperationis</strong></span> <span class='ocrx_word' id='word_1_224' title='bbox 1015 3573 1080 3616; x_wconf 91' lang='lat' dir='ltr'><strong>non</strong></span> <span class='ocrx_word' id='word_1_225' title='bbox 1101 3577 1156 3616; x_wconf 86' lang='lat' dir='ltr'><strong>ex·</strong></span> 
     </span>
     <span class='ocr_line' id='line_1_31' title="bbox 111 3639 1155 3738; baseline 0.025 -42"><span class='ocrx_word' id='word_1_226' title='bbox 111 3649 236 3716; x_wconf 88' lang='lat' dir='ltr'><strong>pertem</strong></span> <span class='ocrx_word' id='word_1_227' title='bbox 258 3639 440 3703; x_wconf 83' lang='lat' dir='ltr'><strong>Platuerus</strong></span> <span class='ocrx_word' id='word_1_228' title='bbox 455 3643 486 3706; x_wconf 91' lang='lat' dir='ltr'><strong>in</strong></span> <span class='ocrx_word' id='word_1_229' title='bbox 504 3647 680 3711; x_wconf 86' lang='lat' dir='ltr'><strong>Annalibus</strong></span> <span class='ocrx_word' id='word_1_230' title='bbox 691 3651 1020 3738; x_wconf 84' lang='lat' dir='ltr'><strong>Heidelbergensibus</strong></span> <span class='ocrx_word' id='word_1_231' title='bbox 1034 3666 1155 3738; x_wconf 81' lang='lat'><strong>(1814).</strong></span> 
     </span>
     <span class='ocr_line' id='line_1_32' title="bbox 115 3744 1155 3838; baseline 0.03 -35"><span class='ocrx_word' id='word_1_232' title='bbox 115 3744 266 3807; x_wconf 79' lang='lat' dir='ltr'><strong>Gnosius</strong></span> <span class='ocrx_word' id='word_1_233' title='bbox 298 3747 331 3809; x_wconf 92' lang='lat' dir='ltr'><strong>in</strong></span> <span class='ocrx_word' id='word_1_234' title='bbox 360 3749 466 3834; x_wconf 88' lang='lat' dir='ltr'><strong>primo</strong></span> <span class='ocrx_word' id='word_1_235' title='bbox 496 3765 585 3816; x_wconf 93' lang='lat' dir='ltr'><strong>tomo</strong></span> <span class='ocrx_word' id='word_1_236' title='bbox 618 3757 727 3838; x_wconf 87' lang='lat' dir='ltr'><strong>operis</strong></span> <span class='ocrx_word' id='word_1_237' title='bbox 761 3761 828 3822; x_wconf 85' lang='lat' dir='ltr'><strong>sui:</strong></span> <span class='ocrx_word' id='word_1_238' title='bbox 858 3764 913 3824; x_wconf 86' lang='lat' dir='ltr'><strong>das</strong></span> <span class='ocrx_word' id='word_1_239' title='bbox 934 3767 1094 3832; x_wconf 88' lang='lat' dir='ltr'><strong>Erbreeht</strong></span> <span class='ocrx_word' id='word_1_240' title='bbox 1122 3772 1155 3834; x_wconf 92' lang='lat' dir='ltr'><strong>iu</strong></span> 
     </span>
     <span class='ocr_line' id='line_1_33' title="bbox 104 3852 1155 3947; baseline 0.028 -38"><span class='ocrx_word' id='word_1_241' title='bbox 104 3852 450 3932; x_wconf 85' lang='lat' dir='ltr'><strong>weltgesehichtlieher</strong></span> <span class='ocrx_word' id='word_1_242' title='bbox 469 3860 703 3947; x_wconf 83' lang='lat' dir='ltr'><strong>Entwiehlung.</strong></span> <span class='ocrx_word' id='word_1_243' title='bbox 738 3866 826 3929; x_wconf 79' lang='lat' dir='ltr'><strong>linis</strong></span> <span class='ocrx_word' id='word_1_244' title='bbox 852 3870 949 3934; x_wconf 89' lang='lat' dir='ltr'><strong>Attici</strong></span> <span class='ocrx_word' id='word_1_245' title='bbox 970 3875 1155 3942; x_wconf 89' lang='lat' dir='ltr'><strong>hereditarii</strong></span> 
     </span>
     <span class='ocr_line' id='line_1_34' title="bbox 102 3935 1155 4045; baseline 0.028 -29"><span class='ocrx_word' id='word_1_246' title='bbox 102 3935 226 4038; x_wconf 86' lang='lat' dir='ltr'><strong>partein</strong></span> <span class='ocrx_word' id='word_1_247' title='bbox 246 3962 409 4024; x_wconf 87' lang='lat' dir='ltr'><strong>tractavit:</strong></span> <span class='ocrx_word' id='word_1_248' title='bbox 434 3967 579 4029; x_wconf 83' lang='lat' dir='ltr'><strong>Carolus</strong></span> <span class='ocrx_word' id='word_1_249' title='bbox 600 3969 642 4030; x_wconf 83' lang='lat' dir='ltr'><strong>de</strong></span> <span class='ocrx_word' id='word_1_250' title='bbox 661 3973 763 4044; x_wconf 85' lang='lat' dir='ltr'><strong>Boor,</strong></span> <span class='ocrx_word' id='word_1_251' title='bbox 784 3975 814 4040; x_wconf 86' lang='lat' dir='ltr'><strong>J.</strong></span> <span class='ocrx_word' id='word_1_252' title='bbox 833 3976 872 4037; x_wconf 87' lang='lat' dir='ltr'><strong>U.</strong></span> <span class='ocrx_word' id='word_1_253' title='bbox 890 3979 932 4040; x_wconf 84' lang='lat' dir='ltr'><strong>D.</strong></span> <span class='ocrx_word' id='word_1_254' title='bbox 966 3980 1076 4044; x_wconf 89' lang='lat' dir='ltr'><strong>Ueber</strong></span> <span class='ocrx_word' id='word_1_255' title='bbox 1099 3986 1155 4045; x_wconf 86' lang='lat' dir='ltr'><strong>das</strong></span> 
     </span>
     <span class='ocr_line' id='line_1_35' title="bbox 102 4062 1154 4160; baseline 0.027 -37"><span class='ocrx_word' id='word_1_256' title='bbox 102 4062 249 4126; x_wconf 89' lang='lat' dir='ltr'><strong>Attische</strong></span> <span class='ocrx_word' id='word_1_257' title='bbox 270 4069 565 4148; x_wconf 85' lang='lat' dir='ltr'><strong>lntestaterhrecht,</strong></span> <span class='ocrx_word' id='word_1_258' title='bbox 587 4097 682 4160; x_wconf 90' lang='lat' dir='ltr'><strong>quem</strong></span> <span class='ocrx_word' id='word_1_259' title='bbox 705 4079 821 4142; x_wconf 89' lang='lat' dir='ltr'><strong>librum</strong></span> <span class='ocrx_word' id='word_1_260' title='bbox 848 4086 883 4148; x_wconf 89' lang='lat' dir='ltr'><strong>C.</strong></span> <span class='ocrx_word' id='word_1_261' title='bbox 906 4087 962 4150; x_wconf 83' lang='lat' dir='ltr'><strong>Fr.</strong></span> <span class='ocrx_word' id='word_1_262' title='bbox 982 4089 1154 4150; x_wconf 84' lang='lat' dir='ltr'><strong>Hermou-</strong></span> 
     </span>
     <span class='ocr_line' id='line_1_36' title="bbox 104 4170 1154 4258; baseline 0.03 -30"><span class='ocrx_word' id='word_1_263' title='bbox 104 4189 170 4230; x_wconf 82' lang='lat' dir='ltr'><strong>nus</strong></span> <span class='ocrx_word' id='word_1_264' title='bbox 192 4170 223 4231; x_wconf 93' lang='lat' dir='ltr'><strong>in</strong></span> <span class='ocrx_word' id='word_1_265' title='bbox 246 4177 427 4239; x_wconf 89' lang='lat' dir='ltr'><strong>annalibus:</strong></span> <span class='ocrx_word' id='word_1_266' title='bbox 453 4180 641 4246; x_wconf 86' lang='lat' dir='ltr'><strong>Zeitsehrilt</strong></span> <span class='ocrx_word' id='word_1_267' title='bbox 671 4185 729 4248; x_wconf 85' lang='lat' dir='ltr'><strong>lilr</strong></span> <span class='ocrx_word' id='word_1_268' title='bbox 750 4189 803 4251; x_wconf 90' lang='lat' dir='ltr'><strong>die</strong></span> <span class='ocrx_word' id='word_1_269' title='bbox 824 4191 1154 4258; x_wconf 87' lang='lat' dir='ltr'><strong>Alterthumswisscn·</strong></span> 
     </span>
     <span class='ocr_line' id='line_1_37' title="bbox 102 4277 960 4378; baseline 0.035 -42"><span class='ocrx_word' id='word_1_270' title='bbox 102 4277 205 4340; x_wconf 86' lang='lat' dir='ltr'><strong>sehalt</strong></span> <span class='ocrx_word' id='word_1_271' title='bbox 225 4300 290 4342; x_wconf 84' lang='lat' dir='ltr'><strong>von</strong></span> <span class='ocrx_word' id='word_1_272' title='bbox 312 4284 371 4351; x_wconf 88' lang='lat' dir='ltr'><strong>Dr.</strong></span> <span class='ocrx_word' id='word_1_273' title='bbox 393 4286 629 4354; x_wconf 88' lang='lat' dir='ltr'><strong>Zimmermann</strong></span> <span class='ocrx_word' id='word_1_274' title='bbox 651 4297 775 4372; x_wconf 76' lang='lat'>(1840)</span> <span class='ocrx_word' id='word_1_275' title='bbox 797 4294 960 4378; x_wconf 86' lang='lat' dir='ltr'><strong>judicavit.</strong></span> 
     </span>
    </p>
   </div>
   <div class='ocr_carea' id='block_1_3' title="bbox 928 4410 990 4484">
    <p class='ocr_par' dir='ltr' id='par_1_5' title="bbox 928 4410 990 4484">
     <span class='ocr_line' id='line_1_38' title="bbox 928 4410 990 4484; baseline 0.016 -35"><span class='ocrx_word' id='word_1_276' title='bbox 928 4410 990 4484; x_wconf 66' lang='grc'><strong>1*</strong></span> 
     </span>
    </p>
   </div>
   <div class='ocr_carea' id='block_1_4' title="bbox 0 0 1428 5018">
    <p class='ocr_par' dir='ltr' id='par_1_6' title="bbox 0 0 1428 5018">
     <span class='ocr_line' id='line_1_39' title="bbox 0 0 1428 5018; baseline 0 3"><span class='ocrx_word' id='word_1_277' title='bbox 0 0 1428 5018; x_wconf 95' lang='lat' dir='ltr'><strong> </strong></span> 
     </span>
    </p>
   </div>
  </div>
 </body>
</html>
