2846 5018
272 499 544 586 propinquorum.
585 505 738 574 Defuncti
767 511 850 578 linea
882 541 966 584 natac
996 545 1067 588 eum
1097 526 1220 608 singula
1250 555 1326 617 pto·

272 603 468 694 pinqtiorum
490 613 573 676 linea
596 627 650 678 ant
670 617 756 680 virili
783 635 836 684 am
857 627 1005 690 muliebri
1025 631 1130 712 capite
1154 636 1324 721 conjuncta

272 727 330 778 est.
361 715 396 778 Si
417 720 650 784 descendentes
680 737 821 802 exstant,
851 731 1021 798 defunctus
1048 737 1120 824 ipse
1147 757 1242 826 eaput
1264 761 1322 822 est,

272 825 313 884 dc
334 842 389 884 sua
411 821 495 886 linea
523 825 620 907 igitur
640 831 732 914 loqui
757 855 820 898 non
844 857 1030 920 pessumum
1062 844 1089 908 si
1110 853 1319 918 ascendentes

270 939 405 1003 exstant,
429 953 544 994 eorum
566 933 648 997 linea
671 941 910 1012 eumdel'uncti
931 946 1015 1010 linea
1034 953 1184 1034 confluit3
1206 959 1324 1024 nihilo·

230 1125 232 1128 Ι
270 1034 375 1100 minus
395 1047 517 1113 atatem,
547 1052 580 1106 ut
606 1041 691 1106 inira
711 1045 909 1124 videbimus,
935 1075 993 1120 eae
1022 1057 1127 1122 lineae
1155 1079 1324 1144 separatae
1408 1129 1409 1152 p

270 1143 471 1207 considerari
501 1146 629 1212 debent.
668 1150 710 1214 Ut
736 1173 864 1234 semper
895 1156 1095 1238 inveniatur,
1124 1187 1208 1251 quae
1238 1171 1322 1238 linea

270 1261 480 1334 cognatorum
502 1255 626 1330 babeat,
644 1257 804 1342 utrimque
823 1260 855 1324 in
873 1263 967 1330 lineis
983 1281 1015 1332 et
1033 1271 1178 1338 defuncti
1198 1288 1230 1339 et
1246 1301 1324 1360 pro·

268 1356 464 1442 piaquomtm
486 1382 589 1446 usque
609 1365 651 1426 ad
673 1377 769 1446 eaput
790 1372 968 1438 ascendere
988 1377 1153 1452 debemus,
1176 1386 1265 1466 quod
1289 1398 1322 1448 et

269 1465 411 1528 defuncti
438 1478 471 1530 et
493 1468 755 1558 propinquorum
782 1471 887 1542 lineae
909 1500 1081 1550 commune
1103 1499 1162 1550 est.
1203 1491 1322 1570 Quanti

267 1572 420 1635 momenti
444 1573 500 1646 sit,
518 1595 650 1660 semper
669 1579 712 1640 ad
734 1592 837 1662 caput
850 1605 1022 1654 commune
1043 1603 1077 1654 ut
1097 1596 1316 1666 ascendamus,

160 1677 162 1682 '
267 1677 351 1740 iul'ra
371 1679 595 1758 explicabitur.
623 1681 657 1746 Si
678 1705 763 1748 nttne
787 1689 827 1748 ad
851 1691 1012 1778 principia
1033 1701 1248 1763 successionis
1271 1702 1313 1762 ab

268 1785 416 1846 intestato
438 1785 659 1850 constituenda
676 1793 883 1866 revertimur,
904 1808 977 1858 ante
996 1799 1102 1859 omnia
1124 1803 1206 1880 legis
1221 1828 1322 1886 snpra

268 1902 465 1956 memoratae
485 1893 584 1957 verba
606 1896 996 1985 strictissimesequamur
1016 1926 1147 1967 neeesse
1168 1917 1227 1970 est.

352 2097 381 2156 Ι.
413 2099 476 2160 Jus
509 2098 754 2168 hereditarium
790 2106 1051 2176 Atheniensium
1088 2130 1194 2195 neque
1224 2115 1321 2192 apud

271 2202 507 2268 descendentes
528 2227 589 2268 nec
608 2211 820 2272 collaterales
842 2235 904 2276 nec
919 2219 1139 2280 ascendentes
1154 2218 1223 2278 ulla
1245 2240 1323 2300 gra-

269 2309 332 2368 dus
354 2311 516 2372 distantia
538 2315 769 2374 descendentis
789 2325 821 2374 et
839 2322 1052 2382 ascendentis
1072 2322 1185 2384 lineae
1206 2325 1324 2386 termi-

269 2418 320 2476 nis
342 2425 391 2477 est
411 2418 716 2495 circumscriptum.

349 2545 442 2606 Hane
462 2545 649 2626 opinionem
671 2559 825 2621 nostram,
847 2545 910 2629 jam
933 2547 973 2610 ab
995 2547 1034 2613 C.
1057 2551 1111 2618 Fr.
1127 2555 1322 2623 Hermanno

270 2651 317 2722 tin
340 2651 531 2716 recensione
552 2652 627 2716 libri
649 2652 687 2716 C.
705 2656 746 2716 de
762 2655 881 2730 Beer),
903 2666 1038 2718 attamen
1060 2658 1130 2723 sine
1151 2685 1322 2743 suprimen-

268 2759 849 2826 tissufficientibusenuntiatametsi
879 2764 1027 2827 omnibus
1050 2767 1166 2830 ceteris
1190 2773 1249 2833 liae
1276 2775 1318 2833 de

269 2888 306 2927 re
326 2864 538 2947 scriptoribus
559 2867 874 2943 contradicentibus,
901 2871 1100 2953 gravissimis,
1119 2875 1314 2957 argumentis

269 2984 454 3036 exornatam
473 2973 556 3038 inl'ra
571 2975 734 3057 explicare
755 2977 965 3044 studebimus.
1001 2981 1085 3042 Ante
1103 2980 1208 3044 omnia
1230 3003 1315 3044 mum

267 3079 527 3143 adversariorum
549 3094 734 3145 nostrorum
755 3084 944 3148 sententiam
962 3076 1154 3154 rel'utemirs.
1191 3075 1313 3150 Omnes

268 3185 444 3270 scriptores
464 3189 548 3250 enim
573 3187 624 3272 jus
647 3191 876 3256 hereditarium
903 3194 1005 3256 tribus
1026 3195 1177 3276 gradibus
1204 3196 1317 3258 termi-

270 3305 375 3354 natum
397 3315 467 3357 esse
494 3296 620 3376 dieunt3
648 3299 712 3361 hoe
739 3311 845 3362 autem
874 3300 953 3364 locis
979 3299 1077 3362 abiis
1098 3299 1238 3363 recitatis
1262 3303 1318 3364 de-

268 3401 441 3464 monstrari
468 3424 533 3465 non
561 3415 678 3486 potest.
709 3406 793 3468 Nam
817 3405 871 3469 ille
901 3409 992 3469 locus
1013 3397 1106 3489 'apud
1127 3407 1252 3470 Isaeum
1275 3409 1316 3470 de
1408 3489 1409 3494 η

271 3513 340 3572 lter·
363 3510 431 3572 Cir.
454 3503 531 3584 216,
560 3532 657 3594 quem
684 3511 780 3574 etiam
800 3512 982 3576 Bussenius
1012 3516 1074 3590 (de
1099 3511 1173 3596 jure
1191 3513 1318 3578 heredi·
1408 3531 1409 3544 ¹

271 3615 352 3678 tario
380 3616 647 3698 Atheniensium)
670 3616 800 3682 recitat:
827 3640 911 3702 pann
927 3629 950 3682 δ’
970 3633 1018 3683 siat
1035 3633 1130 3701 μῄτῃρ
1155 3636 1199 3683 καὶ
1216 3629 1318 3698 πατῄρ,

270 3741 315 3786 nal
332 3736 436 3792 nolanos
455 3739 498 3788 nal
516 3735 605 3806 τήθῃ·
625 3737 668 3788 καὶ
685 3735 793 3788 τούτων
808 3735 905 3808 μήτηρ
922 3741 967 3788 καὶ
984 3735 1085 3807 κατῄρ,
1103 3735 1149 3788 la'r
1167 3742 1202 3788 lm
1218 3733 1318 3788 ἒῶσιν·

271 3844 360 3892 instrat
377 3839 434 3910 ytip
461 3838 543 3910 (ἔρχι)
562 3839 612 3892 τοῦ
629 3845 720 3916 ytaeus
736 3841 800 3911 εἰσί,
820 3846 864 3894 καὶ
882 3841 917 3896 τά
935 3845 1037 3897 ἐκείνων
1053 3841 1250 3911 παραδέδονται
1267 3849 1320 3896 τοῖς

270 3921 390 4017 tyrtanis
407 3967 430 3997 κ.
450 3965 474 3998 τ.
492 3944 536 4006 t„
555 3943 611 4025 qui
633 3944 673 4004 de
694 3941 733 4004 iis
752 3939 913 4024 loquitar,
940 3937 1057 4022 quibus
1079 3937 1309 4000 descendentes

270 4041 390 4114 uictum
407 4051 577 4137 praebere
601 4050 737 4121 debent,
769 4059 800 4109 et
822 4065 961 4128 quotum
984 4065 1064 4128 opes
1085 4055 1161 4106 tune
1181 4045 1314 4106 deseen-

272 4159 382 4218 dcntcs
411 4156 644 4238 adipiscuntur,
672 4155 750 4216 illud
772 4163 992 4234 argtmrcntum
1018 4173 1036 4212 a
1062 4151 1225 4214 contrario
1253 4171 1316 4212 non

272 4263 440 4350 permittit,
464 4285 529 4345 quo
551 4262 711 4325 successio
732 4261 815 4324 intra
836 4261 896 4322 hos
917 4261 1035 4342 gradus
1056 4259 1254 4322 terminetur.
