2846 5018
516 345 825 415 -11-·

198 497 255 562 Ill.
284 493 318 556 Si
339 493 425 556 enim
446 493 526 576 legis
547 502 676 556 nostrae
693 491 794 554 verba
815 489 1037 574 exsequimur,
1066 487 1161 552 nobis

112 612 290 666 occumulat
308 601 425 663 verba:
447 597 495 654 loir
519 599 547 652 di
569 598 609 669 iss}
633 595 685 652 ω’σι
709 597 776 666 πρὸς
800 595 902 667 πατρὸς
923 601 1021 666 μέχριι
1046 594 1163 664 ἀνεψιῶν

110 709 231 770 παίδων,
258 707 318 763 τούς
335 705 401 776 πρὸς
426 704 529 776 μητρὸς
553 701 604 757 τοῦ
629 700 729 771 ἀνδρὸς
753 699 824 754 κατὰ
847 699 936 754 ταύτά
955 705 1062 771 κυρίους
1087 695 1162 752 εἶναι.

112 817 150 876 ln
173 814 222 878 his
244 811 353 876 verbis
375 833 459 874 nunc
480 831 582 892 paene
604 830 715 872 omnes
740 807 826 870 illam
847 807 1029 889 generalem
1051 805 1160 867 termi-

114 921 280 984 nationem
311 940 413 1002 nsque
443 919 483 980 ad
509 916 639 980 tertium
668 916 803 998 gradum
830 913 997 985 viderunt,
1024 923 1056 974 et
1084 911 1164 974 nihil

113 1027 266 1114 prolecto
288 1025 403 1108 magis,
431 1045 527 1108 quam
560 1021 644 1086 lsaei
665 1020 769 1084 oratio
797 1021 837 1082 de
858 1021 964 1101 Hagn.
987 1021 1057 1082 her.
1077 1017 1165 1082 illam

113 1131 321 1204 sententiam,
348 1153 430 1216 quae
456 1130 522 1214 jam
544 1129 651 1216 primo
673 1129 826 1208 ads‘pcctu
850 1125 960 1188 verbis
982 1148 1047 1191 oon
1071 1125 1165 1197 inest,

114 1240 248 1322 adjuvit.
286 1240 351 1302 Sed
373 1239 468 1318 ctiam
497 1238 552 1300 hic
576 1237 781 1297 Hermannus
808 1231 860 1294 vir
883 1232 1084 1296 doctissimus
1111 1231 1163 1308 (iu

112 1345 320 1424 recensione)
343 1345 466 1428 primus
488 1362 602 1404 verum
622 1343 740 1405 lrorum
759 1339 937 1402 verborum
961 1359 1090 1404 sensum
1112 1361 1164 1400 ex·

117 1452 259 1534 plicavit.

196 1610 238 1669 Ut
265 1605 362 1687 igitur
389 1606 429 1666 ad
451 1605 555 1684 legem
577 1615 721 1666 nostram
750 1611 971 1672 revertamur,
1000 1603 1082 1664 haec
1108 1599 1165 1662 illo

117 1713 298 1798 principiog
326 1719 431 1779 κρατεῖν
449 1711 510 1766 τούς
528 1708 640 1780 ιιρῤιναι
657 1713 703 1801 noi
726 1709 787 1765 coiis
810 1713 838 1762 lu
856 1716 912 1762 τῶν
936 1706 1072 1780 ᾰρῤἐνων,
1091 1728 1167 1768 con.

113 1820 223 1880 stituto
250 1841 334 1880 nunc
366 1815 525 1898 designat,
560 1817 678 1900 quibus
714 1815 956 1880 conditionibus
988 1813 1166 1896 propinqui

112 1923 180 1994 πρὸς
198 1923 299 1993 sorpsit
318 1922 509 2004 propinquis
521 1923 586 1990 πρόι
604 1921 706 1990 ento&
723 1925 832 1986 locum
845 1923 922 1982 dare
937 1922 1065 1984 debent.
1082 1922 1166 1988 Ante

114 2029 220 2092 omnia
247 2040 353 2090 alitem
373 2047 457 2088 niune
485 2023 680 2088 constituere
702 2023 875 2096 debemus,
904 2027 985 2110 quid
1007 2039 1165 2100 oratores,

113 2135 142 2196 si
170 2133 296 2194 dicunt:
323 2135 349 2182 oi
373 2129 439 2198 πρὸς
456 2128 572 2198 πατρὸς,
597 2127 692 2210 quid,
720 2127 748 2190 si
770 2127 899 2202 dicunt,
921 2130 942 2182 ι’
967 2130 1032 2198 aptit
1056 2131 1160 2202 μιτρὸι

115 2237 298 2320 significare
328 2235 436 2298 velint.
470 2233 505 2297 Si
534 2235 703 2298 defunctus
731 2233 802 2317 ipse
830 2247 925 2317 caput
945 2257 1010 2298 non
1036 2247 1101 2307 est,
1129 2233 1165 2296 id

115 2357 180 2420 cst,
201 2347 227 2406 si
249 2343 374 2426 cognati
396 2354 427 2404 et
452 2343 661 2408 ascendentes
684 2335 820 2416 exstant,
849 2345 892 2404 ad
913 2344 1024 2426 priora
1044 2340 1163 2422 capita,

116 2461 148 2512 ιιι
167 2447 230 2532 jam
254 2449 390 2522 dicuuu,
419 2449 502 2512 linea
532 2449 716 2511 reducenda
738 2460 801 2528 est;
832 2469 915 2533 quae
942 2461 1047 2510 autem
1070 2445 1166 2521 lineo,

114 2579 181 2640 quo
209 2555 300 2616 altius
330 2555 361 2616 in
391 2577 425 2617 ea
453 2555 671 2627 ascendimus,
701 2577 741 2618 eo
769 2554 896 2637 saepius
924 2553 1089 2620 dividitur.
1129 2551 1164 2618 Si

115 2685 200 2724 nnnc
216 2661 349 2742 primam
362 2661 557 2724 ‘divisionem
580 2683 663 2746 quam
678 2683 776 2744 super
798 2664 951 2726 defuncto
973 2685 1032 2746 per
1049 2685 1165 2745 paren·

115 2781 162 2830 tcs
192 2766 261 2850 ejus
284 2769 406 2842 existit,
437 2770 663 2841 observamus,
690 2781 722 2831 et
750 2768 777 2831 si
798 2771 923 2844 omnia,
949 2791 1032 2856 quae
1061 2769 1093 2832 in
1115 2769 1165 2832 his
1200 2805 1202 2812 ι

115 2876 237 2938 duabus
260 2877 405 2956 partibus
435 2889 545 2957 postea
574 2875 777 2948 dividuntur,
808 2898 905 2940 ιιιιιιιιι
926 2897 1045 2960 corpus
1067 2877 1164 2938 habc-

114 3003 202 3054 mus,
231 2984 290 3043 hac
320 2982 588 3064 contemplatione
616 2994 828 3069 cognatorum
862 2995 895 3046 ct
922 2982 1165 3046 ascendentium

114 3085 319 3169 partiti0nem
345 3087 377 3150 in
403 3087 464 3142 τούι
486 3087 555 3158 πρὸς
578 3087 681 3157 πατρὸς
701 3101 733 3150 et
755 3089 816 3143 rods
839 3088 905 3160 πρὸς
928 3089 1033 3160 μητρός
1057 3087 1166 3174 adepti

113 3215 230 3265 sunms,
254 3216 339 3278 quae
360 3193 391 3256 in
414 3191 485 3274 jure
507 3193 614 3257 Attico
637 3217 766 3284 semper
782 3194 957 3276 reperitur,
979 3215 1078 3284 quum
1096 3193 1166 3256 sine

117 3299 216 3362 dubio
239 3313 270 3362 et
289 3299 475 3383 gravissima
495 3313 527 3362 et
544 3300 799 3364 manifestissima
823 3301 872 3366 sit.

197 3474 266 3533 Jam
297 3472 339 3534 ed
368 3472 594 3554 explicandum
623 3493 752 3536 sensum
779 3472 975 3536 verborum:
1001 3471 1047 3526 ὶάν
1071 3471 1099 3526 δὲ
1123 3473 1164 3543 μ’)

114 3574 165 3630 ulos
190 3575 259 3647 πρὸς
283 3577 385 3647 πατρὸς
409 3586 505 3649 μιχριι
532 3577 649 3649 ἀνεψιῶν
672 3579 791 3643 παίδων,
815 3580 875 3636 rods
901 3577 967 3650 πρὸς
983 3575 1090 3648 μητρὸς
1107 3575 1157 3630 τοῦ

114 3680 214 3751 ἀνδρὸς
233 3683 304 3736 nord
330 3683 418 3738 ταύτὰ
443 3691 553 3756 arpinus
571 3684 650 3747 εἶναι,
668 3669 929 3768 lit'ogt'etlltttttttl'.
966 3687 1057 3748 Haec
1084 3684 1165 3768 legit

116 3787 213 3850 rerba
234 3789 335 3852 lineas
356 3791 586 3854 collateralium
606 3791 791 3865 terminent,
815 3791 946 3874 minime
965 3805 1070 3855 autem
1092 3814 1163 3874 gra·

115 3897 190 3967 dus,
221 3909 253 3958 ut
273 3897 305 3960 in
329 3909 393 3960 tota
415 3901 473 3962 hac
494 3901 566 3982 lege
597 3901 638 3961 de
659 3900 811 3981 gradibus
830 3899 962 3962 omnino
982 3899 1062 3964 nihil
1084 3901 1162 3964 dici·

115 4013 186 4074 tur,
214 4005 272 4065 sed
295 4025 424 4086 semper
451 4006 491 4066 dc
518 4005 611 4068 lineis
639 4017 777 4078 tantum,
803 4029 886 4090 (prae
915 4027 975 4086 per
1002 4027 1077 4080 eos,
1106 4007 1163 4091 qui

117 4109 173 4170 has
199 4122 443 4188 repracsentare
465 4109 588 4184 solent,
619 4112 835 4194 designantur.
877 4114 967 4174 Haec
991 4112 1089 4196 igitur
1109 4117 1162 4178 lex

112 4235 148 4308 ca
170 4214 356 4280 conditione
378 4217 419 4278 vi
412 4189 475 4300 gel,
497 4239 523 4278 si
515 4215 733 4282 reulotiorcs
766 4220 962 4282 collaterales
980 4221 1045 4290 πιιὸι
1061 4221 1164 4296 narnis·
