2846 5018
521 309 763 384 ...w-

134 489 207 533 rum
227 468 317 536 κύριος
335 463 463 544 (isaeus
492 463 534 525 de
554 461 664 526 hered-
687 456 803 540 Pyrrh·
823 455 903 533 43),
930 452 1064 542 pupillis
1085 463 1171 522 lutor

130 577 334 644 διαμαρτυρίαν
349 549 543 634 instituebat.
577 567 619 630 Ut
638 586 736 648 supra
757 562 821 646 jam
843 558 999 633 diximus,
1031 583 1096 626 non
1117 583 1170 624 so-

89 701 96 716 *
127 683 192 744 lum
212 678 308 750 liberi
326 677 503 746 naturales,
524 674 584 736 sed
602 672 697 750 etiam
719 667 916 734 interrivos
939 668 1083 754 adoptati
1105 669 1171 732 dia·
1211 752 1216 762 ὗ

128 783 276 864 martyria
297 783 574 859 utebantu1·;nam
595 775 792 840 interrivos
813 775 1001 854 ado'ptatos,
1031 774 1087 858 qui
1107 775 1170 856 jam

129 893 250 954 dudum
272 889 418 952 omnibus
439 885 554 950 ueteris
575 883 634 946 ulii
654 880 805 946 natmalis
826 879 951 962 juribus
970 880 1171 953 fruebantur,

128 1001 195 1062 hoe
222 1017 354 1082 quoque
380 991 529 1056 habuisse
558 1010 689 1080 neeesse
710 999 766 1058 est.
805 986 903 1068 Quod
930 997 1035 1048 autem
1062 985 1173 1056 attinet

130 1117 320 1180 testamento
342 1101 525 1182 adoptatos,
546 1095 726 1160 Bunsenius
749 1093 788 1156 iis
809 1092 860 1176 jus
881 1091 1102 1174 diamartym'ae
1122 1091 1172 1154 in-

130 1209 307 1272 stituendae
328 1207 395 1278 dat,
417 1215 449 1267 et
466 1206 548 1266 hane
568 1223 639 1265 esse
660 1221 803 1272 calisam,
822 1197 937 1282 iuquit,
958 1196 1101 1262 infinitae
1121 1218 1173 1260 ae,-

130 1317 253 1382 tiouum
274 1310 539 1390 hereditariarum
556 1307 690 1373 Athenis
712 1305 838 1390 copiae.
871 1303 978 1367 Meier
998 1319 1030 1366 et
1051 1303 1172 1368 Selme-

132 1441 268 1484 mannus·
285 1420 331 1496 (in
353 1420 456 1482 libro:
479 1419 538 1480 der
557 1416 689 1480 attisehe
707 1413 861 1494 Process)
881 1412 1030 1486 latentur,
1051 1431 1086 1474 se
1107 1413 1173 1476 hoe

132 1528 268 1590 nescire·
308 1526 416 1589 Locus
435 1525 468 1620 in
498 1524 590 1588 Isaeo
615 1523 655 1586 de
676 1521 789 1586 ltered.
814 1520 930 1598 Pyrrha
952 1523 1009 1584 tta
1033 1517 1078 1572 τάε
1096 1517 1174 1568 ludt-

133 1643 226 1686 κασίας
240 1633 265 1682 οἱ
280 1630 422 1700 εἱσποὶῃτοι
439 1629 529 1686 reivers
543 1625 691 1708 ftowrivtot,
709 1626 749 1690 ab
769 1623 963 1688 adversariis
978 1633 1121 1705 negatur,
1143 1632 1176 1684 et
1271 1676 1277 1684 ,

54 1767 56 1772 ’
135 1738 205 1802 sine
227 1735 325 1798 dubio
346 1736 385 1798 ad
406 1747 595 1799 testamento
617 1733 786 1813 adoptatos
806 1731 998 1794 referendus
1017 1739 1074 1792 est.
1107 1727 1174 1790 Lo-

133 1863 190 1908 cus
216 1843 301 1924 apud
328 1827 496 1904 Demosth.
525 1844 611 1902 tutu
628 1857 723 1922 supra
749 1835 816 1919 jam
844 1836 989 1900 laudatus
1021 1855 1175 1919 expresse

133 1951 342 2014 demonstrat,
356 1943 440 2004 iuter
454 1943 548 2006 vivos
562 1945 745 2024 adoptatum
761 1941 993 2022 diamartyriam
1009 1941 1177 2006 instituere
1202 2004 1205 2010 .

132 2052 288 2133 pomisse.
317 2049 405 2110 luter
425 2045 518 2110 vivos
541 2049 706 2129 adoptatus
719 2047 915 2130 Apollodori
931 2047 1016 2111 filius
1037 2047 1070 2110 in
1083 2052 1176 2112 leaeo

135 2161 177 2220 de
197 2156 309 2218 hered.
329 2153 483 2264 Agollod.
507 2159 565 2216 tot
591 2153 678 2229 dicit,
700 2175 735 2218 se
755 2152 990 2232 diamattyriam
1009 2153 1176 2218 instituere

135 2283 244 2344 posse.
277 2258 452 2324 Maximum
473 2275 577 2324 autem
598 2271 834 2342 argumentum,
858 2259 1053 2324 interrivos
1073 2262 1173 2344 adop·
1274 2257 1276 2262 ’

134 2379 216 2432 tates
239 2365 436 2445 diamartyuiu
464 2386 541 2430 usos
561 2386 650 2438 esse,
679 2386 718 2428 ex
738 2367 829 2430 lsaeo
858 2367 899 2442 de
919 2367 1030 2433 hered.
1057 2368 1174 2447 Pyrrh·

107 2489 109 2492 ’
134 2475 612 2560 staffe1·reposs1mns‚qno
641 2469 716 2538 loeo
741 2489 853 2538 orator
879 2473 971 2538 dicit:
996 2470 1056 2527 ὅσοι
1072 2473 1101 2528 δὲ
1118 2473 1175 2528 δια·

100 2580 102 2584 ’
134 2582 229 2652 θήκαις
246 2583 325 2634 αὐτοὶ
347 2578 540 2662 ‹teporata-m,
564 2580 668 2636 τούτοις
691 2579 889 2635 ἐπιδικάἓεσθαι
912 2579 1041 2650 προσήκει
1064 2587 1119 2632 τῶν
1135 2579 1179 2634 do·

136 2687 248 2739 θέντων.
275 2687 322 2747 Ex
343 2685 459 2769 quibus
484 2685 657 2769 multisque
685 2685 763 2748 aliis*
781 2684 862 2748 loeis
890 2685 1095 2772 perspicuum
1115 2697 1177 2758 est,

6 2801 8 2828 ¹
85 2845 87 2848 .
134 2789 330 2854 interrivos
351 2793 535 2877 adoptatum
563 2813 635 2854 eum
655 2791 731 2854 liliis
757 2791 951 2856 naturalibus
973 2790 1175 2870 diamartyria

134 2917 227 2960 tntum
255 2917 336 2960 esse.
372 2897 502 2960 Etiamsi
529 2899 610 2961 haee
636 2899 677 2960 ab
700 2898 882 2962 oratoribus
911 2919 977 2962 nou
1001 2908 1063 2962 tam
1088 2899 1176 2962 clare

137 3020 287 3080 expressa
308 3014 426 3076 esseut,
452 3017 575 3076 tamen,
603 3013 638 3066 ut
659 3003 765 3066 omniu
792 3003 877 3066 inter
903 3024 939 3067 se
959 3003 1103 3089 colligata
1128 3003 1175 3068 vi·

136 3107 282 3181 deantur,
303 3110 381 3174 haee
401 3109 512 3174 dicere
530 3107 594 3192 jam
616 3111 718 3174 coacti
738 3131 889 3174 essemus.
918 3112 1001 3175 Nam
1022 3110 1108 3174 iuter
1127 3110 1177 3172 vi-

135 3235 196 3276 ros
216 3213 400 3298 adoptatus,
427 3227 462 3277 ut
482 3237 577 3300 supra
597 3215 660 3298 jam
682 3217 800 3282 dietum
820 3229 885 3291 est,
911 3216 994 3282 lilius
1016 3215 1097 3300 ejus,
1119 3217 1175 3304 qui
1268 3271 1271 3286 .

136 3339 209 3380 eum
230 3321 410 3405 adoptavit,
437 3323 477 3385 ab
506 3323 653 3386 omuibus
675 3324 875 3407 agnoscitur3
904 3323 1045 3412 ideoque
1074 3325 1176 3388 omni·

133 3424 194 3487 bus
214 3423 339 3506 juribus
361 3427 436 3490 liliis
462 3423 621 3494 concessis
643 3429 689 3492 uti
709 3442 834 3512 potest,
859 3442 1048 3494 testamento
1068 3447 1174 3496 autem

132 3531 314 3615 adoptatum
340 3555 428 3608 esse,
457 3535 536 3599 nihil
557 3537 643 3599 aliud
670 3547 734 3612 est,
761 3557 799 3599 ae
819 3538 973 3600 heredem
999 3535 1173 3602 institutum

134 3657 222 3712 esse,
250 3650 283 3702 et
301 3641 365 3704 hoe
390 3643 488 3705 modo
511 3642 543 3704 in
569 3641 643 3724 jure
667 3642 773 3726 Attico
796 3641 860 3706 diei
879 3653 1003 3724 potest,
1033 3642 1172 3730 aliquem

135 3763 207 3805 esse
234 3746 266 3808 in
295 3761 410 3810 certam
432 3749 617 3812 hereditatis
643 3761 763 3834 partem
790 3751 991 3832 adoptatum,
1018 3759 1054 3810 ut
1078 3749 1174 3813 verbi

134 3832 244 3933 gratia‘
261 3853 294 3916 in
323 3855 414 3918 lsaeo
443 3857 483 3918 de
513 3857 625 3921 hered.
650 3855 807 3940 Dicaeog.
828 3861 869 3920 90
896 3855 1048 3940 legimus:
1069 3860 1109 3909 ἐπὶ
1124 3859 1203 3924 μὲν.

134 3954 174 4022 τῴ
192 3959 273 4026 τρίτῳ
289 3965 361 4030 μέρει
378 3958 429 4012 τοῦ
452 3961 558 4031 κλήρου
569 3952 754 4034 ’Δικαιογίνῃς
772 3960 814 4016 ὅδε
838 3960 878 4031 τῷ
895 3959 1046 4020 Μενεξένου
1065 3965 1175 4014 Δικαιο-

135 4065 215 4128 γὲνιι,
239 4059 356 4134 ἡμετέρῳ
380 4065 407 4117 δὲ
424 4066 487 4134 stup
504 4065 557 4122 vids
574 4069 672 4138 ἐγένετο
690 4039 804 4138 notntdt·
829 4065 863 4130 Si
873 4065 970 4149 igilur
985 4077 1174 4130 testamento

138 4165 296 4246 adoptatis
313 4170 543 4254 diamamyriam
566 4175 824 4250 concederemus,
847 4189 923 4238 tune
944 4193 1058 4238 omues
1077 4173 1171 4235 here·
