2846 5018
671 321 915 398 ..u-

266 466 486 532 circumscribi
513 488 580 532 non
608 489 716 550 posse.
756 473 824 536 Etsi
843 495 882 538 es
905 487 997 557 parte
1026 499 1098 542 cnm
1126 483 1326 548 Hermanno

265 575 473 646 consentiam.
490 585 594 640 tamen
611 575 877 660 significationem
891 583 1113 666 principalem.
1132 611 1215 672 quac
1243 606 1326 658 trinio

265 680 525 764 frequentissima
551 683 679 764 suerat,
707 687 771 750 hoc
802 688 939 752 verbum
968 691 1122 758 habitisse
1143 710 1242 782 puto.
1286 704 1324 764 Si

263 788 362 872 igitar
383 791 464 852 hanc
485 788 749 872 significationem
771 803 933 870 tenemus,
954 795 1179 876 nihilominus,
1201 810 1323 880 oredo,

264 899 305 960 ad
326 896 559 971 definitionem,
580 897 688 982 inqua
703 899 912 984 acquiescere
929 925 1113 985 possumus,
1134 911 1320 978 veniemus.

266 1003 392 1083 Quibus
406 1004 599 1085 praepositis
620 1027 706 1070 niuno
727 1005 796 1062 atuor
817 1010 881 1072 hoc
892 1011 991 1074 modo
1010 999 1230 1100 explicamust'
1244 1019 1319 1084 Do·

263 1129 334 1170 mnis
361 1121 410 1172 est
429 1112 616 1192 complexus
637 1123 669 1174 et
689 1114 947 1190 ascendentium,
974 1127 1006 1180 et
1028 1117 1262 1188 collateralium
1286 1143 1322 1190 et

265 1216 528 1280 descendentium
549 1217 711 1290 defuncti,
742 1219 798 1302 qui
820 1240 893 1287 oum
914 1225 979 1286 hoc
1000 1225 1041 1286 ab
1064 1230 1181 1292 eodem
1203 1234 1318 1316 stirpis

263 1333 396 1386 auctore
422 1333 477 1388 aut
501 1336 594 1406 partu
613 1335 669 1388 aut
684 1324 860 1406 adoptione
882 1327 1012 1392 oriundi
1040 1353 1145 1414 neque
1167 1342 1314 1422 exadop·

263 1429 319 1494 tati
339 1441 422 1496 siunt.
449 1430 552 1514 igitur
572 1453 710 1513 semper,
732 1431 761 1494 si
779 1435 963 1517 exadoptati
986 1439 1192 1503 hereditatem
1209 1449 1317 1530 patris

263 1537 414 1602 naturalis
431 1549 545 1620 petere
564 1539 702 1612 student,
725 1540 967 1617 contradicitur,
983 1543 1033 1598 οὐκ
1051 1549 1078 1600 tv
1095 1545 1133 1616 τῷ
1152 1547 1226 1618 αὐτῷ
1244 1550 1314 1618 oium

263 1668 321 1712 eos
346 1665 428 1710 esse.
457 1643 585 1708 Eodem
605 1645 705 1708 modo
725 1643 786 1708 filii
806 1647 926 1710 uterini
947 1669 1011 1710 non
1030 1650 1063 1712 in
1087 1654 1189 1718 domo
1203 1655 1315 1718 vitrici

264 1765 353 1827 stunt,
380 1753 438 1814 sed
457 1749 490 1812 in
513 1749 611 1813 domo
632 1749 778 1832 ipsorum
805 1753 903 1835 patris
925 1754 1074 1814 naturalis
1093 1754 1158 1835 jam
1179 1766 1316 1828 mortui.

346 1857 381 1922 Si
406 1857 448 1925 ad
469 1855 690 1920 definitionem
717 1859 812 1922 verbi
834 1861 906 1929 ytvos
925 1857 1112 1934 transimus,
1139 1865 1232 1944 qaod
1261 1877 1310 1927 at·

263 1967 342 2032 tinet
362 1963 533 2030 sententias
553 1963 703 2046 priorum
721 1967 834 2032 dehac
850 1990 888 2031 re
902 1977 1080 2040 auctorum,
1099 1965 1195 2042 idem,
1216 1975 1313 2054 quod

264 2073 447 2140 definitioni
466 2071 560 2136 verbi
581 2069 659 2128 οἶκος
678 2075 914 2156 praemisimus,
935 2075 1106 2138 dicendum
1131 2087 1197 2138 est:
1220 2078 1313 2157 Quot

264 2183 393 2266 capita,¹
410 2193 461 2244 tot
484 2201 608 2247 sensus.
638 2181 818 2246 Hermanni
840 2203 974 2268 quoque
1000 2180 1189 2244 sententiam
1212 2205 1314 2270 supra
1362 2197 1371 2210 '

262 2283 326 2367 jam
348 2287 725 2360 commemoraverimus,
747 2309 842 2372 quam
865 2288 918 2350 hic
942 2286 1035 2369 aequi
1058 2274 1162 2350 coacti
1183 2309 1313 2369 sumus,

263 2415 335 2458 nam
362 2413 429 2475 quo
459 2393 587 2476 longius
618 2393 702 2458 illam
734 2417 837 2478 paene
866 2389 1134 2458 inanimes-abdens
1162 2395 1316 2460 locorum

263 2498 406 2580 copiam,
432 2497 605 2583 inquibus
633 2503 697 2568 lior
724 2503 858 2566 verbam
886 2499 1067 2584 reperitur,
1092 2498 1244 2582 inspicis,
1270 2525 1314 2567 eo

262 2604 364 2688 magis
385 2603 559 2689 intelliges,
585 2608 726 2672 strictam
748 2607 842 2690 hujus
863 2607 956 2670 verbi
979 2605 1200 2670 definitionem
1220 2608 1312 2674 iove·

263 2712 335 2776 nire
361 2734 426 2776 non
455 2735 568 2801 posse,
598 2736 675 2779 mox
697 2716 782 2780 enirn
803 2721 877 2788 γένος
897 2716 1016 2798 gradus
1036 2713 1311 2798 propinquitatem

262 2817 444 2902 significare
469 2819 617 2896 videtur,
645 2845 720 2887 mox
741 2828 816 2893 γένος
838 2833 885 2884 est
912 2819 1138 2909 propinquitas
1158 2822 1307 2884 sinenda

262 2925 344 3010 juris
367 2925 607 3004 terminatione,
628 2951 703 2998 mox
725 2928 988 3014 propinquorum
1007 2929 1199 3010 complexus·
1215 2938 1276 2990 eto.

345 3032 496 3116 Denique
518 3035 558 3096 de
581 3034 726 3106 ἀγχιστεία
744 3037 932 3118 loquamur,
960 3035 1001 3096 de
1029 3053 1096 3115 quc
1122 3035 1227 3098 verbo
1247 3053 1309 3097 aon

261 3141 372 3206 minor
400 3152 447 3202 est
475 3140 649 3214 dissensio,
679 3163 774 3226 quam
796 3143 837 3204 de
859 3140 974 3204 ceteris
995 3161 1091 3221 eupm
1112 3140 1307 3202 rnernoratis.

264 3245 480 3320 Bunsenium,
498 3247 554 3332 qui
577 3249 766 3310 sententiam
792 3247 823 3310 in
846 3246 954 3310 medio
976 3244 1104 3327 posuit,
1131 3244 1308 3333 propinqui
1402 3243 1403 3264 ³

263 3359 336 3438 lege
361 3355 406 3416 ad
426 3354 664 3418 successionem
691 3355 798 3418 vocati
820 3352 1060 3426 conditionem,
1094 3373 1157 3435 qua
1178 3351 1210 3414 in
1232 3373 1304 3434 pro·

222 3532 224 3538 ¹
263 3460 393 3542 piorum
414 3481 550 3524 numero
564 3439 722 3534 versatur,
745 3459 906 3531 ἀγχιστείαν
922 3470 953 3522 et
973 3470 1157 3524 ceterorum
1175 3457 1305 3522 inferio·

265 3588 338 3630 rum
353 3578 502 3648 respectu
514 3567 565 3638 τὸν
584 3567 755 3638 ἀγχιστείαν,
773 3565 942 3638 nominari,
963 3564 1006 3630 ita
1022 3587 1156 3650 sequor,
1170 3577 1205 3628 ut
1224 3564 1306 3646 prio·

263 3693 334 3736 rem
354 3684 477 3755 partem
498 3669 592 3753 hujus
614 3672 789 3738 sententiae
810 3694 942 3754 negem,
970 3684 1002 3734 et
1027 3675 1092 3738 hoe
1111 3673 1211 3736 modo
1233 3671 1307 3732 defi·

265 3779 420 3844 nitionem
443 3799 578 3862 ponam:
604 3781 646 3842 Et
667 3778 813 3850 ἀγχιστεῖα
832 3791 863 3844 et
882 3779 898 3850 i
918 3778 1063 3850 ἀγχιστεῖα
1081 3779 1225 3844 conditio
1254 3790 1306 3850 est,

267 3910 329 3972 qua
351 3887 424 3972 quis
445 3889 486 3950 ad
501 3880 744 3949 antecessionem
754 3895 888 3949 vocatur
912 3896 1096 3948 ceterorum
1117 3886 1305 3950 inferiorum

263 4007 425 4078 respectu.
462 3995 569 4056 Unum
596 3992 716 4054 tantum
743 3993 850 4056 locum
879 4010 921 4054 ex
941 3993 1064 4065 miultis,
1097 4013 1164 4076 quo
1192 3991 1306 4073 optime

266 4113 372 4166 nostra
402 4100 555 4178 sententia
577 4097 788 4182 intelb'getur,
811 4097 974 4181 eligimtrs3
1001 4101 1033 4164 in
1055 4099 1141 4162 ,isaei
1164 4099 1305 4162 oratione

254 4209 307 4272 'dc
335 4211 418 4290 Hag.
442 4207 554 4270 hered-
584 4209 645 4270 279
674 4217 787 4268 orator
813 4203 906 4268 dicit:
927 4208 1044 4276 οἰόμενοι
1063 4205 1085 4258 δ’
1106 4204 1174 4272 ἐμοῦ
1194 4205 1305 4272 amoun-
