2846 5018
520 335 764 406 ''⁸45⁸‘'

611 583 670 648 111.

200 717 257 780 Ad
274 736 383 778 omnes
404 715 540 777 heredes
561 713 671 778 transit
694 711 838 777 defuncti
858 723 950 776 status
974 713 1095 794 civilis;
1118 715 1158 776 ad

117 846 173 888 eos
195 825 301 896 euim,
341 839 376 884 ut
397 823 428 883 in
447 821 520 904 jure
542 823 697 894 Romane,
713 817 794 884 *non
815 822 918 883 solnm
940 821 1080 883 actiones
1108 843 1158 882 ae-

116 933 210 1003 tivae,
225 931 283 994 sed
303 929 396 992 etiam
413 930 552 992 actiones
574 923 730 1012 passivae¹
741 938 914 989 transeunt.
941 927 1046 989 Heres
1062 925 1160 1008 igitur

86 1115 87 1118 Ἴ
117 1039 260 1102 defuncti
281 1037 460 1100 debitorem
482 1039 597 1100 eodem
630 1037 730 1100 modo
752 1034 856 1118 injus
878 1055 999 1098 vocare
1019 1043 1159 1116 poterat,

116 1167 184 1231 quo
208 1143 349 1206 defuncti
377 1143 555 1207 creditores
581 1145 735 1206 heredem
758 1141 893 1206 ,actione
920 1138 1074 1226 persequi
1099 1159 1160 1222 po·

117 1263 231 1315 terant.
265 1253 340 1314 Hoc
358 1263 390 1313 et
410 1273 470 1332 per
490 1271 525 1312 se
546 1251 663 1312 clarum
686 1261 753 1323 est,
776 1269 875 1332 quum
896 1245 1060 1310 hereditas
1081 1245 1162 1306 nihil

119 1357 209 1420 aliud⁴
234 1357 290 1429 sit,
319 1379 413 1440 quam
443 1356 603 1420 successio
631 1356 663 1418 in
686 1356 870 1418 universum
891 1351 961 1434 jus,
988 1353 1078 1436 quod
1100 1351 1161 1412 ‘de-

119 1463 245 1526 functus
267 1464 394 1536 habuit,
423 1477 454 1526 et
474 1480 643 1548 praeterea
664 1463 769 1526 multis
792 1473 954 1525 oratorum
983 1459 1063 1522 loeis
1085 1481 1161 1521 eou-

118 1551 402 1641 fi1·mat1u·,‘'ve1·bi
422 1571 520 1654 gratia
548 1573 580 1634 in
607 1571 775 1634 Demosth.
804 1571 876 1632 adv.
899 1568 1017 1630 Lacrit.
1046 1573 1108 1630 924
1127 1565 1161 1627 in

119 1677 213 1736 Isaeo
236 1675 275 1736 de
296 1675 393 1738 Arist.
414 1679 527 1740 hered.
549 1683 631 1750 264,
654 1679 694 1740 de
722 1675 888 1756 Cleonym.
911 1675 1023 1738 hered.
1046 1679 1077 1736 3.
1099 1685 1160 1734 ete.

120 1781 195 1844 Non
221 1783 323 1845 solum
344 1801 448 1848 autem
475 1786 591 1867 privati
611 1785 692 1868 juris
713 1784 853 1848 actiones
882 1785 914 1847 in
936 1781 1088 1847 heredem
1109 1799 1160 1840 ce·

119 1885 284 1958 ciderunt,
310 1892 369 1950 sed
397 1911 562 1950 causarum
591 1891 786 1970 publicarum
809 1891 905 1950 etiam
934 1887 1163 1957 accusationes,

120 2005 153 2054 et
174 1992 275 2056 titulo·
293 1995 320 2054 si
342 1991 385 2062 is,
412 1991 469 2074 qui
496 1991 634 2064 obierat,
665 1991 798 2054 civitatis
821 1993 948 2055 debitor
974 2005 1051 2056 erat.
1088 1993 1164 2054 Huc

119 2079 261 2184 pertinet
291 2099 382 2160 locus
411 2095 444 2158 in
469 2095 637 2159 Demosth.
665 2097 737 2158 adv·
764 2097 898 2160 Macart.
928 2103 1026 2160 1069:
1056 2097 1164 2162 ἀτίμους

119 2205 184 2258 εἶναι
202 2207 246 2255 καὶ
259 2202 355 2257 αὐτούς
374 2207 417 2254 καὶ
428 2207 499 2272 γένος
516 2206 562 2254 καὶ
576 2201 762 2272 κληρονόμους
774 2201 833 2256 τούς
849 2203 965 2266 τούτων,
983 2207 1028 2258 ἳως
1046 2207 1081 2256 οἶν
1100 2207 1164 2258 αἰτο-

123 2311 215 2363 δῶσιν.
234 2312 269 2371 ln
281 2309 399 2374 Neaer,
417 2313 514 2372 1347:
535 2309 577 2360 ἵνα
597 2307 751 2372 ἀτιμώσιιεν
769 2305 853 2358 αὐτόν
871 2311 916 2358 καὶ
933 2307 1026 2363 παῖδας
1044 2313 1089 2360 καὶ
1101 2313 1166 2365 ’τούς

121 2417 216 2466 ἐκείνου
236 2417 280 2466 καὶ
302 2413 352 2485 τήν
370 2413 489 2482 ἀδελφὸν
506 2412 556 2483 τήν
573 2413 648 2483 ἐμήν.
675 2413 838 2476 Heredem
853 2411 969 2486 debita,
983 2435 1066 2500 quae
1078 2435 1163 2475 mol·-

123 2531 195 2581 tuus
224 2519 433 2592 contraxerit,
461 2515 592 2582 solvere
621 2519 788 2594 debuisse,
816 2518 1003 2600 intelligitur
1031 2541 1071 2582 ex
1098 2521 1164 2582 De·

122 2629 237 2689 masth.
259 2627 333 2688 adv·
356 2625 477 2688 Lacrit.
501 2629 573 2688 930.
614 2625 826 2688 Iu'heredem
849 2627 924 2696 &trev
938 2627 1063 2696 tudam,
1083 2649 1165 2715 quae

125 2731 209 2794 aetio
230 2731 262 2793 in
289 2735 485 2805 factumest,
507 2731 628 2793 institui
650 2732 803 2812 potuisse,
825 2753 863 2794 ex
881 2733 985 2794 adhuc
1003 2733 1095 2797 dietis
1117 2737 1164 2798 in·

122 2835 296 2920 telligetur.
330 2839 497 2900 Platnerus
521 2837 566 2918 (in
588 2837 690 2898 libro:
712 2837 874 2900 Attiseher
892 2837 1045 2921 Process)
1067 2855 1166 2926 putat,

124 2945 269 3032 actionesv
296 2945 498 3032 personales,
533 2965 611 3026 quas
641 2945 808 3006 defunctus
835 2944 1013 3020 habuisset,
1049 2951 1165 3011 eodem

124 3049 243 3120 mode,
271 3071 336 3133 quo
357 3049 389 3112 in
417 3047 489 3132 jure
517 3051 680 3120 Romano,
709 3062 785 3112 tunc
804 3061 923 3112 tantum
951 3051 983 3112 iu
1011 3053 1164 3118 heredem

122 3153 302 3229 transiisse,
320 3157 346 3217 si
363 3157 418 3219 ille
430 3155 521 3217 vivus
537 3155 599 3237 jam
618 3155 819 3234 instituisset-3
835 3177 906 3219 curu
927 3179 967 3219 eo
987 3161 1165 3235 eonsenti0,

50 3286 54 3290 ,
124 3281 224 3343 quum
242 3261 322 3323 haee
342 3261 453 3340 opinio
476 3265 550 3324 loco
571 3265 655 3344 apud
670 3263 794 3324 Isaeum
816 3263 856 3324 de
872 3265 984 3329 hered.
1005 3266 1086 3346 Hag.
1103 3271 1163 3328 282

123 3363 267 3446 inprimis
291 3367 515 3447 confirmatum
537 3367 570 3430 in
591 3390 656 3452 quo
676 3381 800 3440 orator,
821 3370 900 3432 haee
919 3371 992 3450 lege
1008 3371 1164 3434 destinata

123 3491 195 3532 esse
217 3473 398 3552 exprimere
418 3471 558 3537 videtur.
601 3495 608 3512 ²
640 3537 643 3542 .

205 3577 313 3659 Quum
334 3602 417 3643 nune
437 3584 477 3644 de
499 3582 704 3644 successione
724 3584 763 3644 ab
784 3581 950 3660 intestam,
963 3584 1013 3646 de
1035 3605 1160 3647 sucees-

123 3683 232 3779 sione,
255 3707 335 3768 quae
357 3700 543 3750 testamento
564 3687 691 3760 nititur,
713 3689 805 3750 etde
827 3682 987 3763 omnibus,
1006 3711 1088 3773 quae
1106 3694 1161 3754 he·

122 3789 256 3852 reditate
283 3793 323 3854 ad
354 3795 491 3858 heredes
519 3805 696 3867 transeunt,
725 3796 823 3858 locuti
847 3796 961 3875 simus;
995 3799 1160 3879 quomodo

123 3895 332 3960 hereditatem
354 3901 491 3962 heredes
512 3901 603 3962 adire
623 3899 761 3981 possint,
791 3917 822 3965 et
843 3903 884 3964 de
904 3901 1082 3968 actionibus
1103 3907 1158 3968 he·
1222 3978 1227 3986 Χ

122 3999 282 4064 redituriis
307 4027 408 4088 pauca
431 4029 489 4070 nos
512 4029 676 4090 exponere
697 4009 801 4070 restat.

461 4215 796 4232 mut—*Q
