<?xml version="1.0" encoding="UTF-8"?>
<!DOCTYPE html PUBLIC "-//W3C//DTD XHTML 1.0 Transitional//EN"
    "http://www.w3.org/TR/xhtml1/DTD/xhtml1-transitional.dtd">
<html xmlns="http://www.w3.org/1999/xhtml" xml:lang="en" lang="en">
 <head>
  <title>
</title>
<meta http-equiv="Content-Type" content="text/html;charset=utf-8" />
  <meta name='ocr-system' content='tesseract 3.04.00' />
  <meta name='ocr-capabilities' content='ocr_page ocr_carea ocr_par ocr_line ocrx_word'/>
</head>
<body>
  <div class='ocr_page' id='page_1' title='image "./dejurehereditar00schngoog_0049.png"; bbox 0 0 2846 5018; ppageno 0'>
   <div class='ocr_carea' id='block_1_1' title="bbox 691 383 937 470">
    <p class='ocr_par' dir='ltr' id='par_1_1' title="bbox 691 383 937 470">
     <span class='ocr_line' id='line_1_1' title="bbox 693 383 937 456; baseline 0.008 -26"><span class='ocrx_word' id='word_1_1' title='bbox 693 411 741 430; x_wconf 74' lang='grc'>-</span> <span class='ocrx_word' id='word_1_2' title='bbox 788 383 842 456; x_wconf 62' lang='lat' dir='ltr'><strong><em>w</em></strong></span> <span class='ocrx_word' id='word_1_3' title='bbox 889 413 937 432; x_wconf 76' lang='lat'><em>-</em></span> 
     </span>
     <span class='ocr_line' id='line_1_2' title="bbox 691 449 840 470; baseline 0 -18"><span class='ocrx_word' id='word_1_4' title='bbox 691 449 701 470; x_wconf 35' lang='grc' dir='ltr'>κ</span> <span class='ocrx_word' id='word_1_5' title='bbox 839 449 840 452; x_wconf 72' lang='grc'>,</span> 
     </span>
    </p>
   </div>
   <div class='ocr_carea' id='block_1_2' title="bbox 291 531 1401 1910">
    <p class='ocr_par' dir='ltr' id='par_1_2' title="bbox 291 531 1353 936">
     <span class='ocr_line' id='line_1_3' title="bbox 291 531 1352 625; baseline 0.012 -31"><span class='ocrx_word' id='word_1_6' title='bbox 291 533 365 619; x_wconf 83' lang='grc' dir='ltr'><strong><em>ι’ριο</em></strong></span> <span class='ocrx_word' id='word_1_7' title='bbox 388 544 420 596; x_wconf 89' lang='lat' dir='ltr'><strong>et</strong></span> <span class='ocrx_word' id='word_1_8' title='bbox 432 532 466 594; x_wconf 94' lang='lat' dir='ltr'><strong>in</strong></span> <span class='ocrx_word' id='word_1_9' title='bbox 482 531 593 596; x_wconf 84' lang='lat' dir='ltr'><strong>tabulis</strong></span> <span class='ocrx_word' id='word_1_10' title='bbox 606 533 750 616; x_wconf 82' lang='lat' dir='ltr'><strong>propriis</strong></span> <span class='ocrx_word' id='word_1_11' title='bbox 772 533 889 616; x_wconf 83' lang='lat' dir='ltr'><strong>scripta</strong></span> <span class='ocrx_word' id='word_1_12' title='bbox 909 553 991 600; x_wconf 86' lang='lat' dir='ltr'><strong>esse.</strong></span> <span class='ocrx_word' id='word_1_13' title='bbox 1022 535 1138 620; x_wconf 79' lang='lat' dir='ltr'>Legati</span> <span class='ocrx_word' id='word_1_14' title='bbox 1156 545 1352 625; x_wconf 86' lang='lat' dir='ltr'><strong>exemplum</strong></span> 
     </span>
     <span class='ocr_line' id='line_1_4' title="bbox 293 621 1353 726; baseline 0.014 -26"><span class='ocrx_word' id='word_1_15' title='bbox 293 649 339 700; x_wconf 89' lang='lat' dir='ltr'><strong>est</strong></span> <span class='ocrx_word' id='word_1_16' title='bbox 360 641 392 702; x_wconf 94' lang='lat' dir='ltr'><strong>in</strong></span> <span class='ocrx_word' id='word_1_17' title='bbox 420 639 649 704; x_wconf 73' lang='lat' dir='ltr'><strong>Demosthenis</strong></span> <span class='ocrx_word' id='word_1_18' title='bbox 672 641 821 704; x_wconf 85' lang='lat' dir='ltr'><strong>oratione</strong></span> <span class='ocrx_word' id='word_1_19' title='bbox 848 621 1096 726; x_wconf 68' lang='lat' dir='ltr'><strong>inspirabit.</strong></span> <span class='ocrx_word' id='word_1_20' title='bbox 1129 649 1165 710; x_wconf 92' lang='lat' dir='ltr'><strong>ln</strong></span> <span class='ocrx_word' id='word_1_21' title='bbox 1187 651 1353 715; x_wconf 87' lang='lat' dir='ltr'><strong>oratioue</strong></span> 
     </span>
     <span class='ocr_line' id='line_1_5' title="bbox 293 745 1350 834; baseline 0.013 -26"><span class='ocrx_word' id='word_1_22' title='bbox 293 767 424 832; x_wconf 86' lang='lat' dir='ltr'><strong>quoqne</strong></span> <span class='ocrx_word' id='word_1_23' title='bbox 443 745 476 808; x_wconf 89' lang='lat' dir='ltr'><strong>in</strong></span> <span class='ocrx_word' id='word_1_24' title='bbox 492 746 605 828; x_wconf 67' lang='lat' dir='ltr'><strong>Stcpb,</strong></span> <span class='ocrx_word' id='word_1_25' title='bbox 619 749 655 812; x_wconf 87' lang='grc' dir='ltr'><strong>Β.</strong></span> <span class='ocrx_word' id='word_1_26' title='bbox 678 753 760 812; x_wconf 85' lang='grc'>1110</span> <span class='ocrx_word' id='word_1_27' title='bbox 775 760 994 814; x_wconf 83' lang='lat' dir='ltr'><strong>testamentum</strong></span> <span class='ocrx_word' id='word_1_28' title='bbox 1013 752 1125 834; x_wconf 85' lang='lat' dir='ltr'><strong>tegatis</strong></span> <span class='ocrx_word' id='word_1_29' title='bbox 1147 767 1350 822; x_wconf 83' lang='lat' dir='ltr'><strong>exornatum</strong></span> 
     </span>
     <span class='ocr_line' id='line_1_6' title="bbox 294 851 486 936; baseline -0.016 -22"><span class='ocrx_word' id='word_1_30' title='bbox 294 851 486 936; x_wconf 83' lang='lat' dir='ltr'><strong>reperimus.</strong></span> 
     </span>
    </p>

    <p class='ocr_par' dir='ltr' id='par_1_3' title="bbox 296 983 1401 1910">
     <span class='ocr_line' id='line_1_7' title="bbox 378 983 1354 1074; baseline 0.013 -29"><span class='ocrx_word' id='word_1_31' title='bbox 378 983 413 1045; x_wconf 90' lang='lat' dir='ltr'><strong>Si</strong></span> <span class='ocrx_word' id='word_1_32' title='bbox 434 1005 518 1047; x_wconf 91' lang='lat' dir='ltr'><strong>nunc</strong></span> <span class='ocrx_word' id='word_1_33' title='bbox 538 985 731 1068; x_wconf 87' lang='lat' dir='ltr'><strong>quaerimus,</strong></span> <span class='ocrx_word' id='word_1_34' title='bbox 754 985 810 1074; x_wconf 91' lang='lat' dir='ltr'><strong>qui</strong></span> <span class='ocrx_word' id='word_1_35' title='bbox 825 987 969 1070; x_wconf 80' lang='lat' dir='ltr'><strong>legatarii</strong></span> <span class='ocrx_word' id='word_1_36' title='bbox 986 989 1107 1053; x_wconf 83' lang='lat' dir='ltr'><strong>institui</strong></span> <span class='ocrx_word' id='word_1_37' title='bbox 1127 992 1262 1073; x_wconf 86' lang='lat' dir='ltr'><strong>possint,</strong></span> <span class='ocrx_word' id='word_1_38' title='bbox 1284 995 1354 1058; x_wconf 88' lang='lat' dir='ltr'><strong>hic</strong></span> 
     </span>
     <span class='ocr_line' id='line_1_8' title="bbox 296 1091 1352 1177; baseline 0.011 -25"><span class='ocrx_word' id='word_1_39' title='bbox 296 1111 362 1152; x_wconf 92' lang='lat' dir='ltr'><strong>non</strong></span> <span class='ocrx_word' id='word_1_40' title='bbox 379 1092 512 1154; x_wconf 88' lang='lat' dir='ltr'><strong>eandem</strong></span> <span class='ocrx_word' id='word_1_41' title='bbox 528 1091 607 1175; x_wconf 85' lang='lat' dir='ltr'><strong>legis</strong></span> <span class='ocrx_word' id='word_1_42' title='bbox 628 1091 831 1156; x_wconf 87' lang='lat' dir='ltr'><strong>severitatem</strong></span> <span class='ocrx_word' id='word_1_43' title='bbox 846 1115 940 1177; x_wconf 88' lang='lat' dir='ltr'><strong>qnam</strong></span> <span class='ocrx_word' id='word_1_44' title='bbox 956 1095 988 1157; x_wconf 95' lang='lat' dir='ltr'><strong>in</strong></span> <span class='ocrx_word' id='word_1_45' title='bbox 1005 1097 1127 1159; x_wconf 79' lang='lat' dir='ltr'><strong>herede</strong></span> <span class='ocrx_word' id='word_1_46' title='bbox 1144 1097 1352 1164; x_wconf 90' lang='lat' dir='ltr'><strong>instituendo</strong></span> 
     </span>
     <span class='ocr_line' id='line_1_9' title="bbox 297 1196 1352 1284; baseline 0.012 -28"><span class='ocrx_word' id='word_1_47' title='bbox 297 1196 451 1266; x_wconf 82' lang='lat' dir='ltr'><strong>vidimus.</strong></span> <span class='ocrx_word' id='word_1_48' title='bbox 479 1199 669 1279; x_wconf 86' lang='lat' dir='ltr'><strong>reperimus.</strong></span> <span class='ocrx_word' id='word_1_49' title='bbox 707 1197 935 1262; x_wconf 83' lang='lat' dir='ltr'><strong>Demosthenis</strong></span> <span class='ocrx_word' id='word_1_50' title='bbox 956 1203 1026 1263; x_wconf 79' lang='lat' dir='ltr'><strong>adv.</strong></span> <span class='ocrx_word' id='word_1_51' title='bbox 1049 1199 1208 1284; x_wconf 86' lang='lat' dir='ltr'><strong>Callipum</strong></span> <span class='ocrx_word' id='word_1_52' title='bbox 1233 1207 1352 1269; x_wconf 85' lang='lat' dir='ltr'><strong>oratio</strong></span> 
     </span>
     <span class='ocr_line' id='line_1_10' title="bbox 297 1295 1355 1390; baseline 0.009 -26"><span class='ocrx_word' id='word_1_53' title='bbox 297 1323 357 1364; x_wconf 88' lang='lat' dir='ltr'><strong>nos</strong></span> <span class='ocrx_word' id='word_1_54' title='bbox 378 1304 488 1377; x_wconf 90' lang='lat' dir='ltr'><strong>docet,</strong></span> <span class='ocrx_word' id='word_1_55' title='bbox 517 1303 612 1367; x_wconf 87' lang='lat' dir='ltr'><strong>etiarn</strong></span> <span class='ocrx_word' id='word_1_56' title='bbox 633 1316 722 1368; x_wconf 87' lang='lat' dir='ltr'><strong>extra</strong></span> <span class='ocrx_word' id='word_1_57' title='bbox 743 1303 901 1369; x_wconf 88' lang='lat' dir='ltr'><strong>civitatem</strong></span> <span class='ocrx_word' id='word_1_58' title='bbox 922 1295 1058 1371; x_wconf 86' lang='lat' dir='ltr'><strong>Atticam</strong></span> <span class='ocrx_word' id='word_1_59' title='bbox 1077 1309 1179 1390; x_wconf 84' lang='lat' dir='ltr'><strong>legata</strong></span> <span class='ocrx_word' id='word_1_60' title='bbox 1200 1309 1355 1375; x_wconf 82' lang='lat' dir='ltr'><strong>venisse.</strong></span> 
     </span>
     <span class='ocr_line' id='line_1_11' title="bbox 296 1409 1354 1504; baseline 0.009 -32"><span class='ocrx_word' id='word_1_61' title='bbox 296 1410 382 1472; x_wconf 84' lang='lat' dir='ltr'><strong>Ante</strong></span> <span class='ocrx_word' id='word_1_62' title='bbox 403 1409 508 1473; x_wconf 86' lang='lat' dir='ltr'><strong>omnia</strong></span> <span class='ocrx_word' id='word_1_63' title='bbox 529 1411 564 1473; x_wconf 91' lang='lat' dir='ltr'><strong>id</strong></span> <span class='ocrx_word' id='word_1_64' title='bbox 582 1413 722 1494; x_wconf 85' lang='lat' dir='ltr'><strong>legatum</strong></span> <span class='ocrx_word' id='word_1_65' title='bbox 738 1413 875 1476; x_wconf 84' lang='lat' dir='ltr'><strong>recitare</strong></span> <span class='ocrx_word' id='word_1_66' title='bbox 894 1415 1057 1489; x_wconf 89' lang='lat' dir='ltr'><strong>debemus,</strong></span> <span class='ocrx_word' id='word_1_67' title='bbox 1072 1417 1160 1504; x_wconf 90' lang='lat' dir='ltr'><strong>quod</strong></span> <span class='ocrx_word' id='word_1_68' title='bbox 1183 1417 1253 1481; x_wconf 86' lang='lat' dir='ltr'><strong>lilio</strong></span> <span class='ocrx_word' id='word_1_69' title='bbox 1267 1431 1354 1481; x_wconf 88' lang='lat' dir='ltr'><strong>natu</strong></span> 
     </span>
     <span class='ocr_line' id='line_1_12' title="bbox 297 1517 1344 1608; baseline 0.009 -30"><span class='ocrx_word' id='word_1_70' title='bbox 297 1517 435 1580; x_wconf 87' lang='lat' dir='ltr'><strong>maximo</strong></span> <span class='ocrx_word' id='word_1_71' title='bbox 459 1529 551 1581; x_wconf 86' lang='lat' dir='ltr'><strong>extra</strong></span> <span class='ocrx_word' id='word_1_72' title='bbox 571 1519 756 1582; x_wconf 88' lang='lat' dir='ltr'><strong>hereditatis</strong></span> <span class='ocrx_word' id='word_1_73' title='bbox 776 1530 915 1606; x_wconf 87' lang='lat' dir='ltr'><strong>partem,</strong></span> <span class='ocrx_word' id='word_1_74' title='bbox 938 1542 1022 1608; x_wconf 82' lang='lat' dir='ltr'><strong>quae</strong></span> <span class='ocrx_word' id='word_1_75' title='bbox 1042 1520 1076 1584; x_wconf 92' lang='lat' dir='ltr'><strong>in</strong></span> <span class='ocrx_word' id='word_1_76' title='bbox 1096 1541 1169 1585; x_wconf 89' lang='lat' dir='ltr'><strong>eum</strong></span> <span class='ocrx_word' id='word_1_77' title='bbox 1191 1525 1344 1598; x_wconf 81' lang='lat' dir='ltr'><strong>cadebat,</strong></span> 
     </span>
     <span class='ocr_line' id='line_1_13' title="bbox 298 1625 1401 1714; baseline 0.009 -28"><span class='ocrx_word' id='word_1_78' title='bbox 298 1648 317 1686; x_wconf 88' lang='lat' dir='ltr'><strong>a</strong></span> <span class='ocrx_word' id='word_1_79' title='bbox 337 1637 428 1706; x_wconf 88' lang='lat' dir='ltr'><strong>patre</strong></span> <span class='ocrx_word' id='word_1_80' title='bbox 450 1625 519 1687; x_wconf 86' lang='lat' dir='ltr'><strong>dari</strong></span> <span class='ocrx_word' id='word_1_81' title='bbox 541 1637 677 1713; x_wconf 87' lang='lat' dir='ltr'><strong>poterat.</strong></span> <span class='ocrx_word' id='word_1_82' title='bbox 704 1627 897 1714; x_wconf 83' lang='lat' dir='ltr'><strong>Exemplum</strong></span> <span class='ocrx_word' id='word_1_83' title='bbox 919 1638 1019 1689; x_wconf 87' lang='lat' dir='ltr'><strong>exstat</strong></span> <span class='ocrx_word' id='word_1_84' title='bbox 1039 1627 1071 1691; x_wconf 93' lang='lat' dir='ltr'><strong>in</strong></span> <span class='ocrx_word' id='word_1_85' title='bbox 1085 1629 1258 1692; x_wconf 82' lang='lat' dir='ltr'><strong>Demosth.</strong></span> <span class='ocrx_word' id='word_1_86' title='bbox 1277 1650 1339 1713; x_wconf 88' lang='lat' dir='ltr'><strong>pro</strong></span> <span class='ocrx_word' id='word_1_87' title='bbox 1399 1651 1401 1696; x_wconf 77' lang='lat' dir='ltr'><strong>l</strong></span> 
     </span>
     <span class='ocr_line' id='line_1_14' title="bbox 299 1730 1343 1806; baseline 0.007 -24"><span class='ocrx_word' id='word_1_88' title='bbox 299 1733 431 1796; x_wconf 72' lang='lat' dir='ltr'><strong>phorm,</strong></span> <span class='ocrx_word' id='word_1_89' title='bbox 458 1737 536 1799; x_wconf 78' lang='lat'><strong>955:</strong></span> <span class='ocrx_word' id='word_1_90' title='bbox 565 1730 632 1786; x_wconf 75' lang='grc' dir='ltr'><strong><em>ὅταν</em></strong></span> <span class='ocrx_word' id='word_1_91' title='bbox 656 1737 705 1800; x_wconf 73' lang='grc' dir='ltr'><strong>μὶν</strong></span> <span class='ocrx_word' id='word_1_92' title='bbox 727 1739 816 1786; x_wconf 76' lang='grc' dir='ltr'><strong><em>τοίνυν</em></strong></span> <span class='ocrx_word' id='word_1_93' title='bbox 840 1733 890 1805; x_wconf 75' lang='grc' dir='ltr'><strong>την</strong></span> <span class='ocrx_word' id='word_1_94' title='bbox 914 1734 1050 1803; x_wconf 85' lang='grc' dir='ltr'><strong><em>διαθη’κην</em></strong></span> <span class='ocrx_word' id='word_1_95' title='bbox 1074 1733 1207 1806; x_wconf 73' lang='grc' dir='ltr'><strong><em>ἀρνῆται,</em></strong></span> <span class='ocrx_word' id='word_1_96' title='bbox 1230 1741 1256 1788; x_wconf 74' lang='grc' dir='ltr'><strong>ἐκ</strong></span> <span class='ocrx_word' id='word_1_97' title='bbox 1277 1739 1343 1789; x_wconf 77' lang='grc' dir='ltr'><strong><em>τίνος</em></strong></span> 
     </span>
     <span class='ocr_line' id='line_1_15' title="bbox 300 1837 1344 1910; baseline 0.004 -22"><span class='ocrx_word' id='word_1_98' title='bbox 300 1849 405 1906; x_wconf 68' lang='grc' dir='ltr'><strong><em>τρόπου</em></strong></span> <span class='ocrx_word' id='word_1_99' title='bbox 424 1843 542 1908; x_wconf 77' lang='grc' dir='ltr'><strong><em>πριςβιῖα</em></strong></span> <span class='ocrx_word' id='word_1_100' title='bbox 560 1839 656 1902; x_wconf 79' lang='grc' dir='ltr'><strong><em>λαβὼν</em></strong></span> <span class='ocrx_word' id='word_1_101' title='bbox 672 1837 723 1909; x_wconf 75' lang='grc' dir='ltr'><strong>την</strong></span> <span class='ocrx_word' id='word_1_102' title='bbox 735 1843 869 1892; x_wconf 73' lang='grc' dir='ltr'><strong><em>συνοικίαν</em></strong></span> <span class='ocrx_word' id='word_1_103' title='bbox 886 1837 957 1891; x_wconf 77' lang='grc' dir='ltr'><strong><em>κατα</em></strong></span> <span class='ocrx_word' id='word_1_104' title='bbox 972 1837 1022 1908; x_wconf 76' lang='grc' dir='ltr'><strong>την</strong></span> <span class='ocrx_word' id='word_1_105' title='bbox 1035 1839 1172 1910; x_wconf 69' lang='grc' dir='ltr'><strong><em>διαθήκην</em></strong></span> <span class='ocrx_word' id='word_1_106' title='bbox 1187 1845 1248 1908; x_wconf 69' lang='grc' dir='ltr'><strong><em>ἔχει,</em></strong></span> <span class='ocrx_word' id='word_1_107' title='bbox 1265 1838 1344 1892; x_wconf 73' lang='grc' dir='ltr'><strong>ταῦτ’</strong></span> 
     </span>
    </p>
   </div>
   <div class='ocr_carea' id='block_1_3' title="bbox 300 1943 1134 2028">
    <p class='ocr_par' dir='ltr' id='par_1_4' title="bbox 300 1943 1134 2028">
     <span class='ocr_line' id='line_1_16' title="bbox 300 1943 1134 2028; baseline 0.006 -24"><span class='ocrx_word' id='word_1_108' title='bbox 300 1943 418 2012; x_wconf 61' lang='lat' dir='ltr'><strong>trotio</strong></span> <span class='ocrx_word' id='word_1_109' title='bbox 436 1944 528 2001; x_wconf 67' lang='lat' dir='ltr'><strong>atara</strong></span> <span class='ocrx_word' id='word_1_110' title='bbox 556 1945 630 2008; x_wconf 92' lang='lat' dir='ltr'><strong>Hoe</strong></span> <span class='ocrx_word' id='word_1_111' title='bbox 651 1945 789 2026; x_wconf 83' lang='lat' dir='ltr'><strong>legatum</strong></span> <span class='ocrx_word' id='word_1_112' title='bbox 809 1947 929 2013; x_wconf 67' lang='lat' dir='ltr'><strong>apuliam</strong></span> <span class='ocrx_word' id='word_1_113' title='bbox 948 1945 1134 2028; x_wconf 86' lang='lat' dir='ltr'><strong>appellatur.</strong></span> 
     </span>
    </p>
   </div>
   <div class='ocr_carea' id='block_1_4' title="bbox 302 2099 1355 3453">
    <p class='ocr_par' dir='ltr' id='par_1_5' title="bbox 302 2099 1355 3453">
     <span class='ocr_line' id='line_1_17' title="bbox 381 2099 1332 2184; baseline -0.003 -20"><span class='ocrx_word' id='word_1_114' title='bbox 381 2101 427 2164; x_wconf 85' lang='lat' dir='ltr'><strong>lta</strong></span> <span class='ocrx_word' id='word_1_115' title='bbox 446 2116 481 2164; x_wconf 83' lang='lat' dir='ltr'><strong>nt</strong></span> <span class='ocrx_word' id='word_1_116' title='bbox 499 2111 629 2166; x_wconf 85' lang='lat' dir='ltr'><strong>testator</strong></span> <span class='ocrx_word' id='word_1_117' title='bbox 648 2103 751 2184; x_wconf 83' lang='lat' dir='ltr'><strong>legata</strong></span> <span class='ocrx_word' id='word_1_118' title='bbox 771 2099 945 2174; x_wconf 77' lang='lat' dir='ltr'><strong>scriberet,</strong></span> <span class='ocrx_word' id='word_1_119' title='bbox 971 2100 1065 2164; x_wconf 82' lang='lat' dir='ltr'><strong>etiam</strong></span> <span class='ocrx_word' id='word_1_120' title='bbox 1086 2101 1158 2184; x_wconf 80' lang='lat' dir='ltr'><strong>lege</strong></span> <span class='ocrx_word' id='word_1_121' title='bbox 1179 2099 1332 2164; x_wconf 86' lang='lat' dir='ltr'><strong>eonstitu-</strong></span> 
     </span>
     <span class='ocr_line' id='line_1_18' title="bbox 302 2205 1349 2296; baseline 0.001 -27"><span class='ocrx_word' id='word_1_122' title='bbox 302 2217 369 2282; x_wconf 85' lang='lat' dir='ltr'><strong>tum</strong></span> <span class='ocrx_word' id='word_1_123' title='bbox 389 2229 461 2272; x_wconf 87' lang='lat' dir='ltr'><strong>esse</strong></span> <span class='ocrx_word' id='word_1_124' title='bbox 488 2219 623 2288; x_wconf 88' lang='lat' dir='ltr'><strong>poterat.</strong></span> <span class='ocrx_word' id='word_1_125' title='bbox 660 2207 729 2269; x_wconf 88' lang='lat' dir='ltr'><strong>Lex</strong></span> <span class='ocrx_word' id='word_1_126' title='bbox 753 2205 842 2292; x_wconf 79' lang='lat' dir='ltr'><strong>enim</strong></span> <span class='ocrx_word' id='word_1_127' title='bbox 869 2205 976 2270; x_wconf 81' lang='lat' dir='ltr'><strong>nothis</strong></span> <span class='ocrx_word' id='word_1_128' title='bbox 1006 2206 1160 2290; x_wconf 88' lang='lat' dir='ltr'><strong>pecuniae</strong></span> <span class='ocrx_word' id='word_1_129' title='bbox 1186 2208 1349 2296; x_wconf 86' lang='lat' dir='ltr'><strong>quandam</strong></span> 
     </span>
     <span class='ocr_line' id='line_1_19' title="bbox 303 2311 1348 2400; baseline 0 -22"><span class='ocrx_word' id='word_1_130' title='bbox 303 2325 426 2400; x_wconf 81' lang='lat' dir='ltr'><strong>partem</strong></span> <span class='ocrx_word' id='word_1_131' title='bbox 448 2314 524 2388; x_wconf 71' lang='lat' dir='ltr'><strong>dari</strong></span> <span class='ocrx_word' id='word_1_132' title='bbox 536 2311 643 2395; x_wconf 82' lang='lat' dir='ltr'><strong>jubet;</strong></span> <span class='ocrx_word' id='word_1_133' title='bbox 664 2334 747 2400; x_wconf 87' lang='lat' dir='ltr'><strong>quae</strong></span> <span class='ocrx_word' id='word_1_134' title='bbox 768 2314 821 2374; x_wconf 87' lang='lat' dir='ltr'><strong>lex</strong></span> <span class='ocrx_word' id='word_1_135' title='bbox 842 2334 882 2376; x_wconf 82' lang='lat' dir='ltr'><strong>ex</strong></span> <span class='ocrx_word' id='word_1_136' title='bbox 903 2311 1080 2376; x_wconf 87' lang='lat' dir='ltr'><strong>scholiastis</strong></span> <span class='ocrx_word' id='word_1_137' title='bbox 1100 2313 1265 2378; x_wconf 79' lang='lat' dir='ltr'><strong>afferenda</strong></span> <span class='ocrx_word' id='word_1_138' title='bbox 1286 2326 1348 2378; x_wconf 89' lang='lat' dir='ltr'><strong>est.</strong></span> 
     </span>
     <span class='ocr_line' id='line_1_20' title="bbox 305 2415 1351 2507; baseline -0.006 -23"><span class='ocrx_word' id='word_1_139' title='bbox 305 2423 498 2488; x_wconf 87' lang='lat' dir='ltr'><strong>Scholiastes</strong></span> <span class='ocrx_word' id='word_1_140' title='bbox 526 2420 611 2486; x_wconf 91' lang='lat' dir='ltr'><strong>enim</strong></span> <span class='ocrx_word' id='word_1_141' title='bbox 638 2422 680 2484; x_wconf 91' lang='lat' dir='ltr'><strong>ad</strong></span> <span class='ocrx_word' id='word_1_142' title='bbox 704 2420 873 2507; x_wconf 82' lang='lat' dir='ltr'><strong>Aristoph.</strong></span> <span class='ocrx_word' id='word_1_143' title='bbox 904 2421 967 2484; x_wconf 83' lang='grc' dir='ltr'><strong>Αν.</strong></span> <span class='ocrx_word' id='word_1_144' title='bbox 980 2424 1069 2496; x_wconf 76' lang='grc' dir='ltr'><strong>Ι1663</strong></span> <span class='ocrx_word' id='word_1_145' title='bbox 1092 2415 1187 2482; x_wconf 86' lang='lat' dir='ltr'><strong>dicit:</strong></span> <span class='ocrx_word' id='word_1_146' title='bbox 1215 2433 1295 2488; x_wconf 85' lang='grc' dir='ltr'><strong><em>νόμος</em></strong></span> <span class='ocrx_word' id='word_1_147' title='bbox 1314 2419 1351 2494; x_wconf 79' lang='grc' dir='ltr'><strong>η”ν</strong></span> 
     </span>
     <span class='ocr_line' id='line_1_21' title="bbox 303 2523 1353 2598; baseline -0.002 -16"><span class='ocrx_word' id='word_1_148' title='bbox 303 2530 470 2598; x_wconf 78' lang='grc' dir='ltr'><strong><em>Ἀθηναίοις,</em></strong></span> <span class='ocrx_word' id='word_1_149' title='bbox 488 2530 588 2597; x_wconf 78' lang='grc' dir='ltr'><strong><em>γνηςὶας</em></strong></span> <span class='ocrx_word' id='word_1_150' title='bbox 605 2531 653 2592; x_wconf 65' lang='lat' dir='ltr'><strong>rain</strong></span> <span class='ocrx_word' id='word_1_151' title='bbox 670 2526 750 2596; x_wconf 75' lang='lat' dir='ltr'><strong>odopr</strong></span> <span class='ocrx_word' id='word_1_152' title='bbox 767 2527 918 2598; x_wconf 70' lang='grc' dir='ltr'><strong><em>θυγατρός,</em></strong></span> <span class='ocrx_word' id='word_1_153' title='bbox 942 2527 1028 2578; x_wconf 89' lang='grc' dir='ltr'><strong><em>νόθου</em></strong></span> <span class='ocrx_word' id='word_1_154' title='bbox 1047 2525 1073 2579; x_wconf 78' lang='grc' dir='ltr'><strong>δὲ</strong></span> <span class='ocrx_word' id='word_1_155' title='bbox 1092 2523 1168 2588; x_wconf 85' lang='grc' dir='ltr'><strong>υἱοῦ,</strong></span> <span class='ocrx_word' id='word_1_156' title='bbox 1188 2525 1228 2596; x_wconf 76' lang='grc' dir='ltr'><strong>μη</strong></span> <span class='ocrx_word' id='word_1_157' title='bbox 1247 2527 1353 2598; x_wconf 78' lang='grc' dir='ltr'><strong><em>κληρο-</em></strong></span> 
     </span>
     <span class='ocr_line' id='line_1_22' title="bbox 304 2602 1354 2704; baseline -0.001 -18"><span class='ocrx_word' id='word_1_158' title='bbox 304 2642 392 2700; x_wconf 80' lang='grc' dir='ltr'><strong><em>νομεῖν</em></strong></span> <span class='ocrx_word' id='word_1_159' title='bbox 416 2642 462 2685; x_wconf 83' lang='grc' dir='ltr'><strong>τὸν</strong></span> <span class='ocrx_word' id='word_1_160' title='bbox 482 2602 571 2684; x_wconf 25' lang='grc' dir='ltr'><strong><em>’νόθον</em></strong></span> <span class='ocrx_word' id='word_1_161' title='bbox 588 2631 623 2684; x_wconf 73' lang='lat' dir='ltr'><strong>tri</strong></span> <span class='ocrx_word' id='word_1_162' title='bbox 648 2630 764 2702; x_wconf 69' lang='grc' dir='ltr'><strong><em>πατρῴα</em></strong></span> <span class='ocrx_word' id='word_1_163' title='bbox 782 2671 789 2685; x_wconf 87' lang='grc'><strong>.</strong></span> <span class='ocrx_word' id='word_1_164' title='bbox 810 2671 817 2686; x_wconf 91' lang='grc'><strong>.</strong></span> <span class='ocrx_word' id='word_1_165' title='bbox 837 2671 844 2686; x_wconf 91' lang='grc'><strong><em>.</em></strong></span> <span class='ocrx_word' id='word_1_166' title='bbox 863 2643 941 2697; x_wconf 82' lang='grc' dir='ltr'><strong><em>νόμος</em></strong></span> <span class='ocrx_word' id='word_1_167' title='bbox 965 2630 989 2683; x_wconf 79' lang='grc' dir='ltr'><strong>δ’</strong></span> <span class='ocrx_word' id='word_1_168' title='bbox 1008 2628 1041 2704; x_wconf 75' lang='grc' dir='ltr'><strong>η’ν</strong></span> <span class='ocrx_word' id='word_1_169' title='bbox 1058 2629 1160 2688; x_wconf 75' lang='grc' dir='ltr'><strong><em>αττικός</em></strong></span> <span class='ocrx_word' id='word_1_170' title='bbox 1184 2641 1238 2687; x_wconf 85' lang='grc' dir='ltr'><strong><em>τοῖς</em></strong></span> <span class='ocrx_word' id='word_1_171' title='bbox 1261 2633 1354 2688; x_wconf 81' lang='grc' dir='ltr'><strong><em>νόθοις</em></strong></span> 
     </span>
     <span class='ocr_line' id='line_1_23' title="bbox 305 2736 1350 2808; baseline -0.003 -18"><span class='ocrx_word' id='word_1_172' title='bbox 305 2744 391 2808; x_wconf 75' lang='grc' dir='ltr'><strong><em>μέχρι</em></strong></span> <span class='ocrx_word' id='word_1_173' title='bbox 405 2745 477 2791; x_wconf 66' lang='grc' dir='ltr'><strong><em>πέντε</em></strong></span> <span class='ocrx_word' id='word_1_174' title='bbox 494 2744 570 2802; x_wconf 80' lang='grc' dir='ltr'><strong><em>μνῶν</em></strong></span> <span class='ocrx_word' id='word_1_175' title='bbox 581 2737 799 2804; x_wconf 73' lang='grc' dir='ltr'><strong><em>καταλιμπάνειν.</em></strong></span> <span class='ocrx_word' id='word_1_176' title='bbox 817 2736 930 2800; x_wconf 75' lang='lat' dir='ltr'><strong>Suidas</strong></span> <span class='ocrx_word' id='word_1_177' title='bbox 940 2759 971 2798; x_wconf 78' lang='lat' dir='ltr'><strong>v,</strong></span> <span class='ocrx_word' id='word_1_178' title='bbox 985 2737 1141 2808; x_wconf 70' lang='lat' dir='ltr'><strong>iainlnpost</strong></span> <span class='ocrx_word' id='word_1_179' title='bbox 1159 2736 1245 2808; x_wconf 69' lang='grc' dir='ltr'><strong><em>ἐπειδη</em></strong></span> <span class='ocrx_word' id='word_1_180' title='bbox 1265 2737 1288 2789; x_wconf 86' lang='grc' dir='ltr'><strong>δ’</strong></span> <span class='ocrx_word' id='word_1_181' title='bbox 1297 2737 1350 2789; x_wconf 72' lang='lat' dir='ltr'><strong>orit</strong></span> 
     </span>
     <span class='ocr_line' id='line_1_24' title="bbox 306 2841 1351 2920; baseline -0.003 -25"><span class='ocrx_word' id='word_1_182' title='bbox 306 2841 369 2913; x_wconf 69' lang='grc' dir='ltr'><strong>ἐξῆν</strong></span> <span class='ocrx_word' id='word_1_183' title='bbox 386 2850 439 2897; x_wconf 73' lang='grc' dir='ltr'><strong><em>τοῖς</em></strong></span> <span class='ocrx_word' id='word_1_184' title='bbox 457 2844 543 2897; x_wconf 89' lang='grc' dir='ltr'><strong><em>νόθοις</em></strong></span> <span class='ocrx_word' id='word_1_185' title='bbox 561 2842 786 2920; x_wconf 76' lang='grc' dir='ltr'><strong><em>κληρονονομιῑν,</em></strong></span> <span class='ocrx_word' id='word_1_186' title='bbox 809 2841 964 2912; x_wconf 74' lang='grc' dir='ltr'><strong><em>τάργύριον</em></strong></span> <span class='ocrx_word' id='word_1_187' title='bbox 981 2842 1027 2894; x_wconf 77' lang='grc' dir='ltr'><strong>δια</strong></span> <span class='ocrx_word' id='word_1_188' title='bbox 1042 2851 1133 2913; x_wconf 82' lang='grc' dir='ltr'><strong><em>χειρός</em></strong></span> <span class='ocrx_word' id='word_1_189' title='bbox 1151 2843 1285 2894; x_wconf 67' lang='grc' dir='ltr'><strong><em>ἐδίδοσαν.</em></strong></span> <span class='ocrx_word' id='word_1_190' title='bbox 1305 2854 1351 2892; x_wconf 83' lang='grc' dir='ltr'><strong>νό-</strong></span> 
     </span>
     <span class='ocr_line' id='line_1_25' title="bbox 306 2943 1352 3032; baseline -0.002 -34"><span class='ocrx_word' id='word_1_191' title='bbox 306 2967 355 3015; x_wconf 87' lang='grc' dir='ltr'><strong><em>μος</em></strong></span> <span class='ocrx_word' id='word_1_192' title='bbox 372 2946 395 2998; x_wconf 82' lang='grc' dir='ltr'><strong>δ’</strong></span> <span class='ocrx_word' id='word_1_193' title='bbox 415 2943 448 3017; x_wconf 76' lang='grc' dir='ltr'><strong>η”ν</strong></span> <span class='ocrx_word' id='word_1_194' title='bbox 466 2947 569 3002; x_wconf 78' lang='grc' dir='ltr'><strong><em>ἀττικός</em></strong></span> <span class='ocrx_word' id='word_1_195' title='bbox 586 2957 638 3032; x_wconf 75' lang='grc' dir='ltr'><strong><em>τοῖς</em></strong></span> <span class='ocrx_word' id='word_1_196' title='bbox 655 2949 742 3004; x_wconf 79' lang='grc' dir='ltr'><strong><em>νόθοις</em></strong></span> <span class='ocrx_word' id='word_1_197' title='bbox 759 2953 844 3018; x_wconf 80' lang='grc' dir='ltr'><strong><em>μέχρι</em></strong></span> <span class='ocrx_word' id='word_1_198' title='bbox 862 2954 932 3002; x_wconf 76' lang='grc' dir='ltr'><strong><em>πέντε</em></strong></span> <span class='ocrx_word' id='word_1_199' title='bbox 946 2955 1021 3001; x_wconf 79' lang='grc' dir='ltr'><strong><em>ιινῶν</em></strong></span> <span class='ocrx_word' id='word_1_200' title='bbox 1039 2947 1252 3012; x_wconf 74' lang='grc' dir='ltr'><strong><em>καταλιμπάνειν.</em></strong></span> <span class='ocrx_word' id='word_1_201' title='bbox 1271 2947 1352 3009; x_wconf 73' lang='lat' dir='ltr'><strong>Hoc</strong></span> 
     </span>
     <span class='ocr_line' id='line_1_26' title="bbox 306 3052 1355 3142; baseline 0 -27"><span class='ocrx_word' id='word_1_202' title='bbox 306 3055 443 3142; x_wconf 86' lang='lat' dir='ltr'><strong>legatum</strong></span> <span class='ocrx_word' id='word_1_203' title='bbox 465 3054 555 3106; x_wconf 67' lang='lat' dir='ltr'><strong>vostra</strong></span> <span class='ocrx_word' id='word_1_204' title='bbox 573 3054 799 3138; x_wconf 75' lang='lat' dir='ltr'><strong>appellabatur.</strong></span> <span class='ocrx_word' id='word_1_205' title='bbox 828 3053 1067 3136; x_wconf 86' lang='lat' dir='ltr'><strong>Harpocration</strong></span> <span class='ocrx_word' id='word_1_206' title='bbox 1089 3076 1114 3120; x_wconf 88' lang='lat' dir='ltr'><strong>s.</strong></span> <span class='ocrx_word' id='word_1_207' title='bbox 1136 3076 1166 3119; x_wconf 90' lang='lat' dir='ltr'><strong>v.</strong></span> <span class='ocrx_word' id='word_1_208' title='bbox 1188 3052 1294 3104; x_wconf 57' lang='lat' dir='ltr'><strong>vostra:</strong></span> <span class='ocrx_word' id='word_1_209' title='bbox 1313 3053 1355 3106; x_wconf 79' lang='grc' dir='ltr'><em>τά</em></span> 
     </span>
     <span class='ocr_line' id='line_1_27' title="bbox 309 3154 1353 3230; baseline 0.001 -20"><span class='ocrx_word' id='word_1_210' title='bbox 309 3169 362 3216; x_wconf 84' lang='grc' dir='ltr'><strong><em>τοῖς</em></strong></span> <span class='ocrx_word' id='word_1_211' title='bbox 380 3160 467 3214; x_wconf 87' lang='grc' dir='ltr'><strong><em>νόθοις</em></strong></span> <span class='ocrx_word' id='word_1_212' title='bbox 483 3164 509 3211; x_wconf 75' lang='lat' dir='ltr'><strong>a’e</strong></span> <span class='ocrx_word' id='word_1_213' title='bbox 527 3167 581 3212; x_wconf 84' lang='grc' dir='ltr'><strong>τῶν</strong></span> <span class='ocrx_word' id='word_1_214' title='bbox 604 3157 738 3230; x_wconf 69' lang='grc' dir='ltr'><strong><em>πατρῴων</em></strong></span> <span class='ocrx_word' id='word_1_215' title='bbox 761 3158 887 3224; x_wconf 74' lang='grc' dir='ltr'><strong><em>διδόμενα</em></strong></span> <span class='ocrx_word' id='word_1_216' title='bbox 911 3156 985 3211; x_wconf 73' lang='grc' dir='ltr'><strong><em>οὕτω</em></strong></span> <span class='ocrx_word' id='word_1_217' title='bbox 1005 3156 1140 3210; x_wconf 78' lang='grc' dir='ltr'><strong><em>καλεῖται·</em></strong></span> <span class='ocrx_word' id='word_1_218' title='bbox 1166 3154 1199 3228; x_wconf 73' lang='grc' dir='ltr'><strong>η”ν</strong></span> <span class='ocrx_word' id='word_1_219' title='bbox 1216 3159 1244 3221; x_wconf 66' lang='grc' dir='ltr'><strong>δὲ</strong></span> <span class='ocrx_word' id='word_1_220' title='bbox 1261 3162 1353 3226; x_wconf 79' lang='grc' dir='ltr'><strong><em>μέχρι</em></strong></span> 
     </span>
     <span class='ocr_line' id='line_1_28' title="bbox 309 3261 1355 3356; baseline -0.009 -22"><span class='ocrx_word' id='word_1_221' title='bbox 309 3265 410 3332; x_wconf 54' lang='grc' dir='ltr'><strong><em>χιλίων</em></strong></span> <span class='ocrx_word' id='word_1_222' title='bbox 427 3264 574 3333; x_wconf 65' lang='grc' dir='ltr'><strong>δραχμῶν·</strong></span> <span class='ocrx_word' id='word_1_223' title='bbox 601 3267 675 3327; x_wconf 89' lang='lat' dir='ltr'><strong>Hoc</strong></span> <span class='ocrx_word' id='word_1_224' title='bbox 701 3265 838 3346; x_wconf 85' lang='lat' dir='ltr'><strong>legatum</strong></span> <span class='ocrx_word' id='word_1_225' title='bbox 867 3275 985 3326; x_wconf 87' lang='lat' dir='ltr'><strong>certam</strong></span> <span class='ocrx_word' id='word_1_226' title='bbox 1012 3282 1165 3356; x_wconf 75' lang='lat' dir='ltr'><strong>summam</strong></span> <span class='ocrx_word' id='word_1_227' title='bbox 1192 3261 1355 3325; x_wconf 88' lang='lat' dir='ltr'><strong>excedere</strong></span> 
     </span>
     <span class='ocr_line' id='line_1_29' title="bbox 311 3366 1352 3453; baseline -0.005 -20"><span class='ocrx_word' id='word_1_228' title='bbox 311 3393 375 3434; x_wconf 92' lang='lat' dir='ltr'><strong>non</strong></span> <span class='ocrx_word' id='word_1_229' title='bbox 395 3371 556 3452; x_wconf 87' lang='lat' dir='ltr'><strong>potuisse,</strong></span> <span class='ocrx_word' id='word_1_230' title='bbox 577 3393 618 3434; x_wconf 88' lang='lat' dir='ltr'><strong>ex</strong></span> <span class='ocrx_word' id='word_1_231' title='bbox 639 3372 743 3438; x_wconf 87' lang='lat' dir='ltr'><strong>adhuc</strong></span> <span class='ocrx_word' id='word_1_232' title='bbox 765 3371 856 3434; x_wconf 92' lang='lat' dir='ltr'><strong>dictis</strong></span> <span class='ocrx_word' id='word_1_233' title='bbox 878 3366 1083 3453; x_wconf 84' lang='lat' dir='ltr'><strong>intelligitur;</strong></span> <span class='ocrx_word' id='word_1_234' title='bbox 1106 3369 1146 3430; x_wconf 91' lang='lat' dir='ltr'><strong>de</strong></span> <span class='ocrx_word' id='word_1_235' title='bbox 1166 3366 1262 3448; x_wconf 85' lang='lat' dir='ltr'><strong>legati</strong></span> <span class='ocrx_word' id='word_1_236' title='bbox 1281 3387 1352 3428; x_wconf 85' lang='lat' dir='ltr'><strong>ma·</strong></span> 
     </span>
    </p>
   </div>
   <div class='ocr_carea' id='block_1_5' title="bbox 310 3427 1403 3666">
    <p class='ocr_par' dir='ltr' id='par_1_6' title="bbox 310 3427 1403 3666">
     <span class='ocr_line' id='line_1_30' title="bbox 310 3427 1403 3560; baseline -0.005 -20"><span class='ocrx_word' id='word_1_237' title='bbox 310 3477 474 3560; x_wconf 83' lang='lat' dir='ltr'><strong>gnitudine</strong></span> <span class='ocrx_word' id='word_1_238' title='bbox 496 3488 619 3550; x_wconf 84' lang='lat' dir='ltr'><strong>antem,</strong></span> <span class='ocrx_word' id='word_1_239' title='bbox 647 3477 793 3540; x_wconf 86' lang='lat' dir='ltr'><strong>omnibus</strong></span> <span class='ocrx_word' id='word_1_240' title='bbox 814 3488 981 3560; x_wconf 88' lang='lat' dir='ltr'><strong>tantopere</strong></span> <span class='ocrx_word' id='word_1_241' title='bbox 1007 3477 1146 3540; x_wconf 84' lang='lat' dir='ltr'><strong>intense</strong></span> <span class='ocrx_word' id='word_1_242' title='bbox 1168 3473 1353 3554; x_wconf 88' lang='lat' dir='ltr'><strong>discrepan·</strong></span> <span class='ocrx_word' id='word_1_243' title='bbox 1401 3427 1403 3516; x_wconf 76' lang='lat' dir='ltr'><strong>i</strong></span> 
     </span>
     <span class='ocr_line' id='line_1_31' title="bbox 312 3583 1061 3666; baseline -0.003 -22"><span class='ocrx_word' id='word_1_244' title='bbox 312 3583 413 3655; x_wconf 85' lang='lat' dir='ltr'><strong>tibus,</strong></span> <span class='ocrx_word' id='word_1_245' title='bbox 434 3583 512 3666; x_wconf 85' lang='lat' dir='ltr'><strong>nihil</strong></span> <span class='ocrx_word' id='word_1_246' title='bbox 535 3584 614 3646; x_wconf 89' lang='lat' dir='ltr'><strong>certi</strong></span> <span class='ocrx_word' id='word_1_247' title='bbox 635 3583 785 3646; x_wconf 84' lang='lat' dir='ltr'><strong>constitui</strong></span> <span class='ocrx_word' id='word_1_248' title='bbox 805 3604 901 3665; x_wconf 88' lang='lat' dir='ltr'><strong>posse</strong></span> <span class='ocrx_word' id='word_1_249' title='bbox 922 3583 1061 3648; x_wconf 88' lang='lat' dir='ltr'><strong>videtur.</strong></span> 
     </span>
    </p>
   </div>
   <div class='ocr_carea' id='block_1_6' title="bbox 312 3735 1358 4357">
    <p class='ocr_par' dir='ltr' id='par_1_7' title="bbox 312 3735 1358 4357">
     <span class='ocr_line' id='line_1_32' title="bbox 394 3735 1355 3819; baseline -0.004 -22"><span class='ocrx_word' id='word_1_250' title='bbox 394 3738 504 3819; x_wconf 82' lang='lat' dir='ltr'><strong>Quum</strong></span> <span class='ocrx_word' id='word_1_251' title='bbox 530 3739 593 3801; x_wconf 91' lang='lat' dir='ltr'><strong>hoc</strong></span> <span class='ocrx_word' id='word_1_252' title='bbox 618 3737 717 3800; x_wconf 91' lang='lat' dir='ltr'><strong>modo</strong></span> <span class='ocrx_word' id='word_1_253' title='bbox 743 3749 776 3801; x_wconf 90' lang='lat' dir='ltr'><strong>et</strong></span> <span class='ocrx_word' id='word_1_254' title='bbox 801 3737 1040 3802; x_wconf 80' lang='lat' dir='ltr'><strong>successionem</strong></span> <span class='ocrx_word' id='word_1_255' title='bbox 1069 3737 1111 3800; x_wconf 90' lang='lat' dir='ltr'><strong>ab</strong></span> <span class='ocrx_word' id='word_1_256' title='bbox 1130 3735 1298 3806; x_wconf 89' lang='lat' dir='ltr'><strong>intestato,</strong></span> <span class='ocrx_word' id='word_1_257' title='bbox 1322 3743 1355 3794; x_wconf 89' lang='lat' dir='ltr'><strong>et</strong></span> 
     </span>
     <span class='ocr_line' id='line_1_33' title="bbox 314 3842 1353 3931; baseline -0.005 -26"><span class='ocrx_word' id='word_1_258' title='bbox 314 3844 566 3915; x_wconf 86' lang='lat' dir='ltr'><strong>successionem,</strong></span> <span class='ocrx_word' id='word_1_259' title='bbox 588 3865 671 3931; x_wconf 90' lang='lat' dir='ltr'><strong>qnae</strong></span> <span class='ocrx_word' id='word_1_260' title='bbox 691 3855 882 3908; x_wconf 86' lang='lat' dir='ltr'><strong>testamento</strong></span> <span class='ocrx_word' id='word_1_261' title='bbox 898 3842 1019 3915; x_wconf 85' lang='lat' dir='ltr'><strong>nititur,</strong></span> <span class='ocrx_word' id='word_1_262' title='bbox 1043 3851 1190 3927; x_wconf 87' lang='lat' dir='ltr'><strong>separate</strong></span> <span class='ocrx_word' id='word_1_263' title='bbox 1210 3851 1353 3920; x_wconf 87' lang='lat' dir='ltr'><strong>pertrac-</strong></span> 
     </span>
     <span class='ocr_line' id='line_1_34' title="bbox 312 3947 1357 4039; baseline -0.008 -26"><span class='ocrx_word' id='word_1_264' title='bbox 312 3949 497 4024; x_wconf 83' lang='lat' dir='ltr'><strong>taverimus,</strong></span> <span class='ocrx_word' id='word_1_265' title='bbox 519 3951 684 4039; x_wconf 92' lang='lat' dir='ltr'><strong>quomodo</strong></span> <span class='ocrx_word' id='word_1_266' title='bbox 704 3950 788 4014; x_wconf 87' lang='lat' dir='ltr'><strong>inter</strong></span> <span class='ocrx_word' id='word_1_267' title='bbox 806 3971 841 4012; x_wconf 90' lang='lat' dir='ltr'><strong>se</strong></span> <span class='ocrx_word' id='word_1_268' title='bbox 856 3949 1062 4022; x_wconf 80' lang='lat' dir='ltr'><strong>cohaereant,</strong></span> <span class='ocrx_word' id='word_1_269' title='bbox 1076 3947 1249 4010; x_wconf 87' lang='lat' dir='ltr'><strong>ostendere</strong></span> <span class='ocrx_word' id='word_1_270' title='bbox 1269 3965 1357 4006; x_wconf 90' lang='lat' dir='ltr'><strong>nunc</strong></span> 
     </span>
     <span class='ocr_line' id='line_1_35' title="bbox 314 4049 1357 4140; baseline -0.008 -20"><span class='ocrx_word' id='word_1_271' title='bbox 314 4067 421 4122; x_wconf 86' lang='lat' dir='ltr'><strong>restat.</strong></span> <span class='ocrx_word' id='word_1_272' title='bbox 457 4057 626 4122; x_wconf 87' lang='lat' dir='ltr'><strong>Successio</strong></span> <span class='ocrx_word' id='word_1_273' title='bbox 653 4057 738 4120; x_wconf 89' lang='lat' dir='ltr'><strong>enim</strong></span> <span class='ocrx_word' id='word_1_274' title='bbox 764 4079 805 4119; x_wconf 88' lang='lat' dir='ltr'><strong>ex</strong></span> <span class='ocrx_word' id='word_1_275' title='bbox 831 4066 1021 4120; x_wconf 86' lang='lat' dir='ltr'><strong>testamento</strong></span> <span class='ocrx_word' id='word_1_276' title='bbox 1042 4049 1357 4140; x_wconf 77' lang='lat' dir='ltr'><strong>nequaqnam&#39;illam</strong></span> 
     </span>
     <span class='ocr_line' id='line_1_36' title="bbox 316 4156 1358 4238; baseline -0.01 -10"><span class='ocrx_word' id='word_1_277' title='bbox 316 4165 356 4228; x_wconf 84' lang='lat' dir='ltr'><strong>ab</strong></span> <span class='ocrx_word' id='word_1_278' title='bbox 382 4165 529 4228; x_wconf 87' lang='lat' dir='ltr'><strong>intestato</strong></span> <span class='ocrx_word' id='word_1_279' title='bbox 559 4163 715 4238; x_wconf 88' lang='lat' dir='ltr'><strong>excludit,</strong></span> <span class='ocrx_word' id='word_1_280' title='bbox 744 4164 787 4224; x_wconf 88' lang='lat' dir='ltr'><strong>ita</strong></span> <span class='ocrx_word' id='word_1_281' title='bbox 816 4173 849 4223; x_wconf 85' lang='lat' dir='ltr'><strong>ut</strong></span> <span class='ocrx_word' id='word_1_282' title='bbox 875 4164 934 4226; x_wconf 86' lang='lat' dir='ltr'><strong>hae</strong></span> <span class='ocrx_word' id='word_1_283' title='bbox 961 4163 1084 4225; x_wconf 87' lang='lat' dir='ltr'><strong>sublata</strong></span> <span class='ocrx_word' id='word_1_284' title='bbox 1112 4159 1167 4221; x_wconf 89' lang='lat' dir='ltr'><strong>illu</strong></span> <span class='ocrx_word' id='word_1_285' title='bbox 1189 4181 1253 4222; x_wconf 93' lang='lat' dir='ltr'><strong>non</strong></span> <span class='ocrx_word' id='word_1_286' title='bbox 1272 4156 1358 4218; x_wconf 91' lang='lat' dir='ltr'><strong>inire</strong></span> 
     </span>
     <span class='ocr_line' id='line_1_37' title="bbox 318 4263 1358 4357; baseline -0.005 -25"><span class='ocrx_word' id='word_1_287' title='bbox 318 4272 437 4357; x_wconf 61' lang='lat' dir='ltr'><strong>possim</strong></span> <span class='ocrx_word' id='word_1_288' title='bbox 459 4274 515 4333; x_wconf 85' lang='lat' dir='ltr'><strong>sed</strong></span> <span class='ocrx_word' id='word_1_289' title='bbox 528 4271 568 4333; x_wconf 84' lang='lat' dir='ltr'><strong>in</strong></span> <span class='ocrx_word' id='word_1_290' title='bbox 590 4269 662 4351; x_wconf 83' lang='lat' dir='ltr'><strong>jure</strong></span> <span class='ocrx_word' id='word_1_291' title='bbox 682 4269 789 4335; x_wconf 81' lang='lat' dir='ltr'><strong>Attico</strong></span> <span class='ocrx_word' id='word_1_292' title='bbox 818 4268 947 4332; x_wconf 85' lang='lat' dir='ltr'><strong>omnino</strong></span> <span class='ocrx_word' id='word_1_293' title='bbox 970 4265 1165 4332; x_wconf 78' lang='lat' dir='ltr'><strong>contrarium</strong></span> <span class='ocrx_word' id='word_1_294' title='bbox 1192 4264 1271 4345; x_wconf 81' lang='lat' dir='ltr'><strong>juris</strong></span> <span class='ocrx_word' id='word_1_295' title='bbox 1292 4263 1358 4327; x_wconf 85' lang='lat' dir='ltr'><strong>Ro-</strong></span> 
     </span>
    </p>
   </div>
   <div class='ocr_carea' id='block_1_7' title="bbox 0 0 1461 5018">
    <p class='ocr_par' dir='ltr' id='par_1_8' title="bbox 0 0 1461 5018">
     <span class='ocr_line' id='line_1_38' title="bbox 0 0 1461 5018; baseline 0 0"><span class='ocrx_word' id='word_1_296' title='bbox 0 0 1461 5018; x_wconf 95' lang='lat' dir='ltr'><strong> </strong></span> 
     </span>
    </p>
   </div>
  </div>
 </body>
</html>
